2490 3914
116 141 143 191 p.
161 125 203 176 62.
249 125 339 178 ΠΕΡΙ
356 122 433 175 Tor
450 120 749 176 ΦΙΛΟΚΤΗΜΟΝΟΣ
766 123 930 176 ΚΛΗΡΟΤ.
1027 129 1069 192 8-7

117 292 261 384 γνήσιοι,
279 291 337 365 τὸν
355 298 531 386 ἐπίτροπον
549 297 658 388 ἑαυτῷ
673 291 849 383 λαγχάνειν
866 296 927 364 τοῦ
942 292 1071 384 Εὕκτή-
1119 379 1122 384 1

116 423 215 484 μονος
233 393 357 483 κλήρου
374 390 430 473 καὶ
446 398 504 483 τής
515 390 682 485 θυγατρὸς
700 392 805 464 αὐτοῦ
822 423 865 475 τις
882 393 983 483 οάσης
1002 400 1070 466 ἐπι·

116 502 264 583 δίκου,ε
249 502 279 564 εί
296 497 332 564 δὲ
349 494 394 584 μή
408 502 470 565 είσι
482 493 628 584 γνήσιοι,
646 498 711 565 νῦν
730 499 1069 586 διαμεμαρτυρηκέναι

116 591 217 676 ωςί
186 597 250 665 είσί
276 594 442 684 γνήσιοις
453 600 557 666 ταῦτα
581 593 644 718 γάρ
670 592 754 665 αὐτοὶ
780 599 910 677 ἑαυτοῖς
937 600 1069 667 ἐναντία

116 700 213 766 ἐστίν.
250 692 327 765 ὥστ’
351 725 391 766 ου
413 694 516 785 μόνον
531 691 595 785 ὑφ’
612 691 706 785 ήμῶν
725 695 939 786 ἐλέγχεται
902 727 943 766 τα
959 701 1070 787 ψευδῆ

117 795 444 886 διαμεμαρτυρηκάς,
477 793 560 865 άλλά
585 799 640 866 καὶ
667 787 753 880 ἔξ
725 827 774 867 ιον
799 793 898 878 αὐτὸς
924 797 1066 888 πράττει.

115 899 170 966 καί
187 895 292 966 τούτω
310 898 371 986 μὲν
396 893 508 978 οὐδεὶς
527 903 743 988 διαμαρτυρεί
757 925 802 986 μη
791 895 968 978 ἐπίδικον
985 896 1069 969 εἶναι
1086 919 1122 973 50

60 1019 62 1023 ’
115 995 173 1067 τδν
189 1000 328 1089 κλήρου,
346 994 421 1066 ἄλλ’
439 995 782 1088 εάθυδικίᾳείσιίναι·
801 987 989 1077 οντοςδ’”
967 1025 1070 1069 απαν-

115 1125 173 1178 τας
198 1093 374 1189 άποστερεῑ
396 1099 454 1185 τής
480 1095 762 1188 ἀμφισβητήσεως.
801 1100 858 1168 καὶ
885 1097 1070 1190 διαρρήδην

115 1196 326 1319 μαρτυρήσας
343 1205 500 1286 γνησίους
516 1226 594 1278 τους
606 1203 726 1279 παῖδας
739 1197 839 1286 εἶναι,
858 1209 960 1268 οίεται
980 1202 1070 1290 ἐξαρ·

115 1301 224 1367 κε’σειν
241 1294 324 1387 ὗμιν
341 1297 615 1389 παρεκβάσεις,ἐ
614 1296 657 1368 ἂν
675 1299 713 1368 δὲ
729 1302 825 1369 τουτο
842 1328 865 1387 μ
867 1299 903 1368 ἓν
920 1296 1000 1387 μηδ’
1019 1302 1070 1388 ἐγ-

115 1397 251 1519 χεερήση
265 1393 523 1470 ἑπιδεικνάναι’“
502 1427 523 1486 η
536 1401 591 1468 καὶ
603 1394 685 1468 κατά
694 1397 812 1489 μικρόν
820 1427 852 1468 τι
871 1401 1070 1520 ἐπιμνησδή,
1134 1459 1137 1466 Α

114 1494 195 1588 ἡμῖν
220 1499 256 1568 δὲ
278 1497 508 1590 λοιδορήσηται
531 1497 656 1587 μεγάλη
678 1503 720 1588 τῇ
741 1527 837 1588 φωνη
826 1502 915 1568 καὶ
932 1495 1051 1588 λέγη
1027 1527 1071 1579 ως

119 1601 203 1670 είσίν
220 1605 291 1669 οἵδε
303 1600 364 1688 μὲν
381 1597 533 1669 πλούσιοι
546 1595 643 1678 αὐτὸς
657 1600 694 1667 δὲ
706 1601 821 1688 πίνης,
842 1596 896 1668 διά
913 1599 952 1668 δὲ
968 1602 1071 1668 ταῦτα

118 1695 225 1781 δόξειν
250 1697 327 1780 τοδς
353 1705 475 1780 παῖδας
501 1699 586 1770 εἶναι
611 1707 777 1786 γνησίους.
812 1702 869 1785 τής
887 1699 925 1768 δὲ
941 1696 1070 1768 τούτων
1086 1717 1123 1773 σθ

115 1795 248 1887 οὐσίας,
273 1789 300 1868 ά
316 1797 454 1889 ἄνδρες,
480 1806 526 1880 είς
542 1795 604 1886 τήν
627 1796 724 1886 πόλιγ
741 1805 842 1867 πλείω
859 1795 1069 1868 ἀναλίσκεται

116 1893 138 1986 ή
158 1905 204 1978 είς
221 1895 342 1980 αὐτοδς
358 1897 504 1980 τούτους.
549 1901 604 1969 καὶ
623 1895 851 1989 Φανόστρατος
867 1899 929 1988 μὲν
944 1925 1070 1989 τετριη-

76 2005 80 2010 ’
115 1996 280 2088 ράρχηκεν
307 1998 438 2080 ἑπτάκις
463 1997 545 2088 ήδη,
572 1996 628 2079 τάς
656 1999 693 2067 δὲ
718 2005 920 2090 λειτουργίας
943 1994 1071 2080 ἁπάσας

115 2097 366 2189 λελειτούργηκε
394 2102 453 2170 ’καί
482 2097 540 2180 τάς
570 2106 723 2180 πλείστας
753 2106 849 2179 νίκας
879 2106 1070 2187 νενίκηκεν·

115 2193 232 2268 οὑτοσὶ
244 2199 280 2269 δὲ
293 2201 532 2291 Χαιρέστρατος
543 2203 732 2288 τηλικοῦτος
744 2194 792 2270 ω”ν
808 2197 1071 2291 τετριηράρχηκε,

116 2297 318 2388 κεχορήγηκε
343 2300 380 2369 δὲ
396 2307 593 2392 τραγῳδοῖς,
617 2297 920 2389 γεγυμνασιάρχηκε
938 2300 976 2369 δὲ
992 2310 1073 2389 λαμ·

117 2396 214 2468 πάδι·
233 2397 364 2480 καὶτὰς
382 2397 539 2491 εἰσφοράς
557 2398 804 2490 είσενηυόχασιν
815 2396 994 2490 ἀμφότεροι
1012 2399 1073 2470 πά-

18 2521 21 2528 “
116 2518 178 2578 σας
196 2502 231 2570 ἐν
247 2517 316 2581 τοῖς
332 2508 537 2592 τριακοσίοις.
565 2503 620 2570 καί
637 2503 717 2580 τέως
734 2500 795 2589 μὲν
812 2496 867 2569 δύ’
886 2496 990 2588 ὅντες,
1007 2504 1073 2570 νῦν

118 2600 158 2668 δὲ
175 2601 230 2668 καὶ
246 2596 265 2670 ὁ
281 2600 440 2692 νεώτερος
457 2595 569 2671 οὑτοσί
587 2617 721 2691 χορηγεῖ
734 2601 796 2690 μὲν
812 2605 1007 2693 τραγῳδοῖς,
1025 2607 1073 2680 είς

117 2699 159 2767 δὲ
183 2697 261 2780 τούς
286 2709 494 2792 τριακοσίους
521 2703 736 2790 ἐγγέγραπται
762 2702 818 2770 καὶ
846 2701 992 2791 εἰσφέρει
1016 2697 1074 2780 τάς

119 2798 284 2889 εἰσφοράς.
333 2797 411 2871 ὥστ’
445 2798 486 2871 οὗ
511 2809 719 2889 φθονεῖσθαί
749 2808 833 2870 είσιν
858 2798 957 2888 άξιοι,
992 2796 1074 2869 ἄλλά
1090 2816 1123 2869 σι

116 2894 205 2968 πολν
230 2903 354 2988 μᾶλλον
379 2897 439 3006 νή
439 2909 507 2972 Δία
524 2898 635 2971 καὶ
601 2929 659 2971 τον
673 2897 818 2972 Ἀπόλλω
836 2928 988 2989 ουτοι,ε
971 2898 1074 2988 είλή·

117 3014 237 3082 ψονται
264 3029 284 3068 α
310 2999 354 3089 μή
376 2988 532 3093 προσήκει
556 2998 676 3081 αὐτοῖς.
711 3030 771 3071 του
792 2998 855 3092 γάρ
873 2999 1074 3088 Φιλοκτήμο-

116 3127 177 3179 νος
188 3096 356 3222 κλήρου”
336 3129 379 3171 αν
395 3102 456 3190 μὲν
474 3101 699 3224 ἐπιδικάσηται
715 3097 784 3190 οδε,
801 3098 882 3191 υμῖν
899 3096 1002 3171 αὐτον
1017 3129 1073 3170 τα-

116 3197 260 3289 μιεάσει,
273 3198 313 3270 τά
324 3200 588 3291 προσταττόμενα
599 3199 836 3293 λειτουργων”
809 3223 918 3292 ωσπερ
937 3204 1054 3271 καὶ
1008 3230 1113 3272 νυν

118 3301 175 3368 καὶ
194 3306 241 3370 ἔτι
257 3304 397 3389 μᾶλλον·
416 3298 473 3370 ίαν
490 3299 523 3371 δ
542 3330 635 3373 ουτοι
651 3300 793 3392 λάβωσι,
813 3299 1074 3391 διαφορήσαντες

118 3401 244 3491 ἑτέροις
262 3399 545 3489 ἕπιβουλεύσονσι.
