2490 3914
99 149 127 204 ρ.
146 135 188 187 τι.
247 134 338 186 mm
355 129 431 185 τοτ
449 130 733 184 επολεοεεεοτ
750 129 914 182 mmor.
1015 136 1056 199 93

101 333 198 378 υοντο
221 301 398 376 ἀντίδικοι·
422 301 459 373 τό
483 331 519 372 τε
534 300 599 393 γάρ
615 305 755 391 μέγεθος
771 303 839 372 τοῖν
858 303 976 389 δικῦν,
1001 304 1057 371 καὶ

103 404 186 478 διότι
204 403 290 476 πολῦ
301 401 405 475 αὐτόν
420 400 615 492 Ἀρχέδαμος
628 402 733 491 εἶλεν,
752 399 971 492 περιφάνειάν
981 429 1057 472 τινα

76 510 263 594 ’ἐποίησεν
307 499 351 586 ῦς
375 505 413 574 δέ
436 504 492 593 ἐμὲ
516 501 688 591 ἐποιήσατο
710 499 787 572 υἰδν
804 505 868 586 ξῦν
885 497 983 582 αῦτδς
1000 505 1056 572 καὶ

9 631 12 644 ’
101 604 220 696 κόριον
241 609 310 676 τῦν
333 600 440 675 αῦτοῦ
460 606 637 691 κατέστησε
659 607 716 674 καὶ
740 611 786 683 εἰς
803 599 880 684 τοῦς
897 601 1056 691 γεννήτας

102 711 158 778 καὶ
185 714 231 788 εἰς
256 703 335 787 τοῦς
362 703 526 828 φράτορας
555 706 732 829 ἐνέγρατχε,
759 701 885 784 τούτοις
910 699 975 790 ήδη
1002 731 1057 792 μοι

101 805 161 878 τόν
177 807 262 879 νοῦν
274 808 468 897 προσέχετε,
486 834 513 875 ω
500 795 658 895 ἄνδρες.
687 799 974 896 Ἀπολλοδώρῳ
934 831 998 894 γαρ
1015 793 1058 891 ἦν
1076 815 1109 866 14

101 903 233 996 υίός,“
213 936 254 979 ον
277 910 401 987 ἐκείνας
424 903 520 975 ταδ’
497 926 592 993 ησκει
615 907 671 975 καὶ
689 901 733 974 δι’
754 908 939 993 ἐπιμελείας
956 903 1057 994 εἶχεν,

101 1004 214 1100 ωσπερ
240 1009 295 1078 καί
320 1009 486 1098 προσῆκον
512 996 563 1094 ήν.
607 1009 668 1086 ἕως
689 994 812 1095 μὲν
767 1033 832 1076 ουν
850 1007 974 1084 ἐκεῖνος
991 1010 1024 1088 ἐξ
1046 1057 1056 1091 ,

102 1107 319 1234 διάδοχον
277 1137 335 1196 της
352 1103 468 1188 οῦσίας
491 1105 626 1195 ήλπιζεν
643 1102 746 1176 αῦτδν
768 1102 983 1192 καταστήσειν
1000 1109 1057 1193 τής
1183 1119 1198 1137 “

101 1211 240 1280 ἑαυτοῦ
266 1205 379 1297 ἐπειδὴ
398 1208 435 1278 δὲ
453 1205 645 1295 ἐτελεῦτήσε
666 1205 808 1295 νοσήσας
831 1209 892 1276 τοῦ
909 1203 1058 1287 ἐξελθόν-

99 1337 157 1391 τος
181 1311 336 1380 ἐνιαυτοῦ
362 1305 464 1398 μηνός
485 1311 800 1398 Μαιμακτηριῶνος,
830 1309 884 1376 ἐπὶ
906 1321 974 1386 τοίς
996 1332 1058 1376 πα-

101 1412 222 1500 ροῦσιν
239 1406 416 1499 ἀθυμήσας
440 1406 550 1478 καί
513 1437 575 1496 την
592 1403 725 1496 ήλικίαν
741 1405 803 1496 τήν
821 1409 945 1476 ἑαυτοῦ
960 1433 1058 1476 κατα·

99 1508 320 1632 μεμψάμενος
328 1505 391 1580 οῦκ
408 1504 627 1579 ἐπελάθετο
607 1504 670 1596 υφ’
695 1498 743 1578 τόν
764 1509 821 1578 καί
845 1502 920 1590 ἐξ’
901 1509 1001 1596 αρχῆς
1019 1496 1060 1578 εῦ

100 1608 282 1691 πεπονθός
298 1600 356 1700 ήν,
380 1605 453 1679 ἀλλ’
478 1604 629 1680 ἐλδιδν
604 1636 649 1690 ως
664 1606 727 1698 τήν
745 1605 826 1698 ἐμήν
842 1609 965 1698 μητέρα
983 1609 1058 1676 ἐαυ·

99 1739 163 1781 του
151 1711 220 1780 δὲ
242 1706 452 1799 άδελφήν,“
431 1738 473 1797 ην
490 1712 566 1798 περὶ
582 1717 738 1780 πλείστου
755 1707 890 1780 πάντων
908 1711 1059 1797 ἐποιεῖτο,

99 1818 222 1899 λαβελν
242 1807 363 1899 ήξίασέ
382 1837 422 1899 με
445 1809 521 1881 υίδν
544 1813 598 1880 καὶ
620 1807 721 1900 ᾔτησε
738 1812 794 1880 καὶ
812 1816 936 1898 ἐτυχεν.
972 1804 1060 1878 οῦτω
1079 1832 1110 1885 ιο

102 1907 137 1982 δ’
160 1914 298 2000 ἐπείσθη
315 1913 421 1980 ταῦτα
438 1914 572 1998 ποιήσαι
596 1908 651 1980 διά
667 1913 809 2001 ταχέιου,
833 1905 912 1979 ὥστ’
933 1904 1059 1990 εῦδέος

98 2039 146 2101 με
171 2007 283 2098 λαβεδν
306 2007 400 2104 ᾤχετ’
427 2018 510 2100 ἔχων
527 2008 609 2102 πρὸς
626 2005 728 2082 αῦτδν
746 2013 801 2081 καὶ
819 2009 928 2081 πάντα
944 2007 984 2081 τά
1001 2005 1060 2079 αῦ-

97 2113 167 2184 τοῦ
189 2117 326 2182 διοικεῖν
353 2113 561 2203 παρέδωκεν,
591 2107 635 2192 τός
663 2108 760 2192 αὐτὸς
784 2112 845 2201 μὲν
868 2110 872 2198 Ι
895 2106 997 2181 οῦδὲν
1017 2104 1060 2182 άυ

98 2218 152 2282 ἔτι
176 2214 296 2302 πρᾶξαι
319 2211 446 2284 τούτων
468 2218 646 2301 δυνηθείς,
671 2216 751 2301 ἐμοῦ
773 2213 811 2282 δδ
833 2215 937 2282 ταῦτα
953 2209 1060 2282 πάντα

97 2318 180 2385 οἴου
201 2339 237 2382 τε
262 2313 417 2401 ἐσομένου
440 2328 556 2383 ποιεῖν.
597 2315 653 2382 καὶ
675 2311 789 2401 ἐπειδή
813 2311 984 2402 Θαργήλια
1005 2303 1060 2401 ήν,

97 2411 211 2536 ήγαγέ
231 2440 272 2502 με
296 2414 349 2483 ἐπί
371 2410 447 2493 τοῦς
470 2411 651 2502 βωμοῦςί
620 2440 636 2482 ε
650 2442 667 2493 ς
682 2411 761 2494 τοῦς
776 2411 936 2501 γεννήτας
952 2439 989 2482 τε
1005 2415 1062 2482 καὶ

97 2511 280 2604 φράτορας.
319 2519 387 2584 ἐστι
406 2509 439 2582 δ’
458 2510 571 2594 τῦτοῑς
582 2511 681 2600 νόμος
698 2509 716 2582 ὁ
734 2509 854 2635 αῦτός,
868 2509 926 2583 ἐαυ
936 2515 974 2581 τέ
987 2541 1062 2582 τινα
1079 2529 1112 2582 16

96 2611 206 2703 φῦσει
230 2611 389 2703 γεγονότα
415 2611 529 2731 εἰσάγῃ
546 2641 595 2694 τις
613 2611 671 2684 ἐάν
687 2641 723 2682 τε
739 2611 892 2701 ποιητόν,
920 2613 1060 2683 ἐπιτιδέ·

96 2743 159 2786 ναι
179 2721 291 2784 πίστιν
316 2711 399 2784 κατὰ
415 2716 483 2785 τοῖν
500 2716 600 2804 ίερῦν
616 2702 639 2801 ή
655 2710 722 2802 μήν
739 2709 808 2798 ἐξ’
789 2716 888 2801 αστής
915 2711 1061 2802 εἰσάγειν

96 2816 160 2884 καὶ
179 2811 338 2901 γεγονότα
362 2811 475 2907 ὀρθῶς
500 2816 556 2884 και
582 2811 641 2885 τόν
666 2809 857 2904 ὑπάρχοντα
881 2811 983 2903 φῦσει
1005 2816 1061 2884 καὶ
1146 2857 1148 2863 -

95 2912 161 2986 τόν
190 2913 340 3002 ποιητόν·
373 2912 569 3004 ποιήσαντος
595 2916 677 2984 δέτ
658 2918 721 2986 τοῦ
746 2914 933 3004 εἰσάγοντος
957 2917 1062 2984 ταῦτα

96 3003 260 3106 μηδὲν
238 3043 335 3101 ηττον
363 3023 620 3105 διαψηφίζεσθαι
647 3018 702 3086 καὶ
727 3012 804 3097 τοῦς
829 3009 1062 3103 άλλους,κδν

98 3115 204 3238 δόξχγ,
237 3111 303 3185 τότ’
338 3121 383 3196 εἰς
413 3113 449 3187 τό
481 3114 594 3188 κοινόν
618 3105 841 3240 γραμματείου
872 3113 1061 3237 ἐγγράφειν,

96 3215 268 3340 πρότερον
293 3215 396 3287 δὲ
351 3237 410 3306 μή
434 3217 586 3298 τοιαῦτας
608 3215 775 3307 ἀκριβείας
798 3223 864 3307 ἔχει
887 3244 927 3285 τα
951 3221 1063 3286 δίκαια

93 3346 141 3388 τα
168 3311 251 3407 παρ’
277 3312 397 3398 αὐτοῖς.
439 3321 500 3401 τοῦ
521 3316 625 3407 νόμου
650 3314 691 3404 δή
714 3313 818 3398 οὕτως
835 3325 981 3407 ἐχουτος,
1008 3317 1061 3387 καί
1082 3334 1113 3386 17

91 3420 174 3490 τῶν
207 3415 382 3509 φρατόρων
412 3441 448 3486 τε
479 3420 534 3486 καὶ
565 3420 741 3508 γεννήτῦν
762 3421 876 3512 ἐκείνῳ
902 3413 964 3486 οῦκ
989 3412 1063 3487 άπι-
