2502 3930
195 197 228 258 8·
622 189 753 242 ιΣΑιον
1070 191 1121 243 οι.
1143 195 1150 241 ι

194 361 324 434 τούτων
344 357 493 445 ἀξιοῦσιν
516 356 601 452 ἡμᾶς
625 363 681 430 καὶ
704 365 772 432 τοῖν
795 356 1084 453 ὁμολογουμένων,
1109 355 1155 436 τόν

196 461 399 554 Κλεώνυμος
413 466 608 552 ιιατίλιπεν,
632 459 745 542 αὐτοῖς
765 461 915 553 [τούτων]
936 470 1152 556 ἰσομοιρῆσαι·

197 555 288 636 ούτοι
313 565 350 636 δὲ
374 571 420 645 εἰς
442 568 538 636 τούτο
560 561 699 652 ἡκουσιν
721 559 971 654 ἀναισχυντίας,
996 563 1079 637 ὥστε
1100 571 1155 638 καὶ

196 664 237 737 -τά
255 668 391 759 πατρῷα
408 667 679 756 προσαφελὲσθαι
697 669 849 753 ζητούσιν
862 661 963 755 ἡμᾶς,
981 663 1044 738 ούκ
1061 665 1156 756 ἀγνο·

196 772 329 856 ούντες,
349 756 376 836 τό
393 763 530 857 ἀνδρες,
549 763 586 837 τό
605 771 751 854 δίκαιον,
776 762 859 836 ἀλλά
875 764 1001 856 πολλὴν
1020 772 1156 860 ἐρημίαν

161 864 290 960 3ἡμο5ν
313 865 540 955 καταγνόντες.
582 869 753 950 σκέψασθε
775 864 839 957 γάρ
862 863 911 948 οἷς
936 867 1081 961 ἑκάτεροι
1105 899 1156 940 πι-

165 982 168 990 ’
195 968 368 1050 στεύοντες
386 963 430 1049 ός
447 963 532 1058 ύμός
552 966 828 1056 εἰσεληλύθαμεν
851 958 943 1038 ούτοι
960 971 1022 1058 μὲν
1040 971 1157 1060 διαθὴ·

196 1099 268 1152 καις
287 1068 525 1160 ἰσχυριζόμενοι
543 1067 724 1157 τοιαύταις,
748 1064 791 1166 ἀς,
806 1073 929 1150 ἐκεῖνος
948 1073 1079 1143 διέθετο
1095 1074 1160 1162 μὲν

195 1168 257 1261 ούχ
280 1166 361 1261 ἡμῖν
384 1174 533 1259 ίγκαλεόν
556 1166 630 1240 ἀλλ’
653 1165 823 1261 ὀργισθεὶς
845 1175 914 1241 τεόν
935 1178 1068 1244 οἰκείων
1090 1177 1156 1243 τινὶ

194 1277 263 1344 τεόν
287 1268 471 1362 ἡμετέρων,
496 1279 592 1342 ἔλυσε
617 1273 654 1342 δὲ
671 1269 735 1362 πρό
758 1274 819 1341 τού
834 1270 1002 1362 θανάτου,
1027 1276 1160 1364 πέμψας

160 1400 178 1448 4
195 1379 425 1444 Ποσείδιππον
449 1375 502 1444 ἐπὶ
527 1370 588 1461 τὴν
607 1369 726 1462 ἀρχήν·
751 1367 845 1462 ἡμεῖς
865 1373 902 1444 δὲ
919 1376 1008 1462 γίνει
1025 1375 1087 1464 μὲν
1106 1379 1159 1464 ε’γ-

195 1473 325 1564 γυτάτω
355 1471 591 1565 προσήκοντες,
620 1472 781 1564 χρύμενοι
812 1474 862 1544 δὲ’
880 1477 995 1570 ἐκείνῳ
1022 1475 1159 1548 πόντων

195 1575 394 1664 οἰκειότατα,
420 1573 616 1647 δεδωκότων
640 1571 672 1644 δ’
691 1570 771 1666 ἡμῖν
788 1577 844 1643 καὶ
861 1579 928 1647 τεόν
945 1574 1058 1667 νόμων
1076 1576 1161 1647 κατά

195 1674 256 1766 τὴν
280 1673 469 1767 ἀγχιστείαν
493 1680 548 1747 καὶ
576 1672 684 1750 αύτού
704 1679 765 1746 τού
787 1675 993 1766 Κλεωνύμου
1019 1675 1074 1749 διό
1095 1677 1161 1767 τὴν

196 1786 312 1877 φιλίαν
323 1775 385 1866 τὴν
402 1773 617 1868 ύπάρχουσαν
629 1773 734 1870 αύτῷ,
754 1783 800 1848 ἔτι
820 1778 857 1848 δὲ
869 1777 1080 1869 Πολυάρχου,
1097 1785 1162 1850 τού

196 1877 317 1970 πατρός
335 1883 396 1949 τού
412 1877 635 1969 Κλεωνύμου,
656 1876 792 1947 πάππου
811 1874 844 1947 δ’
862 1873 1038 1970 ἡμετέρου,
1057 1904 1159 1971 προσ·
1236 1921 1237 1950 ;

194 1979 361 2068 τάξαντος,
382 1991 414 2050 εἰ
424 2010 455 2050 τι
473 1978 576 2051 πόθοι
596 1977 795 2069 Κλεύνυμος
812 1975 925 2068 ἅπαις,
945 1975 1024 2070 ἡμῖν
1038 1986 1159 2053 δούναι

159 2099 177 2150 5
195 2078 235 2152 τά
253 2077 365 2152 αύτού.
401 2078 570 2153 τοσούτων
586 2089 703 2152 τοίνυν
719 2076 801 2172 ἡμῖν
817 2076 1036 2172 ὑπαρχόντων
1052 2073 1161 2173 ούτοι,

195 2184 251 2252 καὶ
267 2199 440 2272 συγγενεῖς
450 2179 544 2264 ὅντες
560 2185 615 2252 καί
631 2179 734 2254 οὐδὲν
752 2188 881 2254 δίκαιον
892 2190 998 2254 εἰπεῖν
1016 2189 1159 2273 ἔχοντες,

195 2279 257 2353 ούκ
275 2282 486 2374 αἰσχύνονται
505 2282 767 2371 καταστήσαντες
781 2277 865 2372 ἡμᾶς
884 2291 931 2364 εἰς
948 2280 1062 2372 ἀγῶνα
1079 2289 1159 2376 περὶ

195 2383 339 2474 τούτων,
367 2387 442 2475 περὶ
466 2375 514 2456 τόν
532 2382 669 2474 αἰσχρόν
692 2373 734 2471 ἡν
751 2379 997 2473 ἀμφισβητῆσαι
1015 2388 1071 2455 καὶ
1089 2404 1160 2467 τοῖς
1235 2393 1236 2398 ’

158 2487 299 2577 ομηδέν
321 2484 554 2576 προσήκουσιν.
598 2481 669 2574 Ούχ
697 2479 816 2574 ὁμοίως
841 2488 880 2554 δέ
899 2513 954 2575 μοι
980 2491 1158 2576 δοκοῦμεν,

195 2577 223 2656 οἶ
245 2584 381 2677 ἀνδρες,
407 2593 597 2658 διακεῖσθαι
621 2583 702 2677 πρός
720 2581 890 2673 ἀλλήλους.
933 2584 997 2675 ἐγύ
1014 2588 1076 2677 μὲν
1093 2585 1160 2676 γὰρ

194 2684 255 2778 ούχ
278 2683 469 2770 ότιάδίκως
492 2685 695 2775 κινδυνεύω,
719 2682 819 2757 τοῦθ’
844 2683 985 2777 ἡγοῦμαι
1002 2691 1160 2777 μέγιστον

196 2788 281 2859 εἶναι
310 2793 378 2860 τοῖν
406 2787 581 2880 παρόντων
607 2792 735 2875 κακοῖν,
771 2783 844 2857 ἀλλ’
874 2784 923 2858 ότι
957 2785 1160 2880 ἀγωνίζομαι

194 2887 277 2976 πρός
299 2897 458 2979 οἰκείους,
490 2885 548 2971 ούς
564 2885 647 2971 ,οὐδ’
673 2885 861 2978 ἀμύνεσθαι
880 2893 986 2971 καλοῖς
1010 2897 1090 2979 ἔχει’
1116 2887 1160 2962 ού

194 2988 257 3078 γάρ
287 2984 330 3060 ἀν
360 2989 481 3061 ἐλάττω
505 2987 681 3081 συμφορὰν
703 2984 892 3079 ἡγησαίμην
915 2995 1024 3072 κακῶς
1047 3009 1162 3063 ποιεῖν

193 3089 330 3172 τούτους
353 3088 576 3182 ἀμυνόμενος,
607 3099 750 3172 οἰκείους
773 3088 887 3178 ὄντας,
917 3085 939 3179 ἡ
962 3095 1071 3174 κακεός
1093 3121 1161 3164 πα-

159 3204 272 3263 λθεῖν
301 3197 333 3276 ἐξ
363 3189 464 3284 ἀρχῆς
492 3188 559 3264 ύπό
587 3191 729 3263 τούτων.
761 3179 853 3262 ούτοι
879 3187 912 3262 δ’
937 3190 978 3263 ού
999 3193 1163 3283 τοιαύτην

196 3299 307 3382 ἔχουσι
315 3291 379 3382 τὴν
392 3292 539 3384 γνώμην,
557 3289 630 3382 ἀλλ’
655 3297 659 3382 ἡ
683 3289 823 3380 ἥκουσιν
836 3289 891 3381 ἐφ’
910 3288 993 3383 ἡμᾶς
1005 3297 1061 3364 καὶ
1079 3294 1162 3378 τούς

195 3402 313 3484 φίλους
336 3397 622 3486 παρακαλέσαντες
652 3397 707 3463 καὶ
735 3391 874 3485 ῥήτορας
904 3397 1162 3485 παρασκευασό-

192 3523 289 3586 μενοι
306 3498 362 3567 καί
380 3492 482 3567 ούδὲν
500 3489 734 3576 ἀπολείποντες
755 3497 812 3583 τῆς
830 3490 944 3566 αύτοῖν
969 3495 1159 3588 δυνάμεως,
1232 3545 1233 3580 ,
