2490 3914
203 127 266 190 104
411 105 413 109 “
617 121 745 172 mmor
1061 124 1112 176 οε,
1130 123 1159 176 8.

202 290 265 381 τὴν
300 290 381 382 ἐμὴν
413 291 522 382 τήθην
556 283 660 362 οὖσαν
683 289 841 381 ἀνεψιάν,
877 297 908 376 ἐξ
931 289 1078 382 ἀδελφῆς
1101 298 1160 381 τῆς

204 389 311 462 αὑτοῦ
331 391 452 483 μητρὸς
476 389 581 480 αὐτὴν
607 395 838 481 γεγενημένην.
880 396 988 482 ἐκείνη
1011 394 1073 482 μὲν
1095 385 1160 464 οὖν

204 490 429 580 συνοικήσασα
455 489 630 588 οάιπολάν
651 491 786 584 χρόνον,
816 496 956 562 τεκοῦσα
984 489 1160 586 αὐτῷτὴν

205 590 287 681 ἐμὴν
302 594 442 714 μητίρρι,
464 589 545 682 μετά
563 589 733 673 ἐνιαυτοάς
754 596 907 684 τέτταρας
923 590 983 662 τάν
999 601 1075 681 βίον
1093 598 1160 664 ἐτε-

203 691 378 816 λεάτησεν
402 722 420 763 ο
408 689 482 763 δὲ
504 691 634 776 πάππος
657 696 732 783 μιάς
749 691 850 782 μάνης
870 689 972 815 οὔσης
989 689 1080 786 αὐτῷ
1095 706 1160 764 θν-

203 790 322 914 γατρὸς
346 793 507 882 λαμβάνει
530 792 630 864 πάλιν
652 790 712 882 τὴν
735 795 916 874 Διοκλέους
938 789 1100 883 ἀδελφήν,
1126 799 1159 879 εξ

204 882 243 981 ἧς
260 889 351 986 αὐτῷ
369 897 615 982 ἐίγιγνίσθην
576 923 599 964 υ
615 911 661 973 είς
680 891 749 963 δυό.
779 896 835 964 καὶ
853 897 983 981 ἐκείνην
994 921 1031 964 τε
1042 901 1160 984 ἔτρεφε

196 989 293 1084 ’παρά
313 1021 353 1084 τη
342 997 510 1081 γυναικὶ
532 997 588 1063 καὶ
616 990 697 1084 μετά
719 1021 787 1064 των
810 997 841 1078 ἐξ
866 997 992 1081 ἐκείνης
1015 999 1159 1083 παίδων,

167 1101 188 1152 8
205 1096 341 1164 ἐκείνων
357 1121 393 1163 τε
411 1100 458 1164 ἔτι
475 1093 616 1184 ζώντων,
636 1096 706 1165 ἐπεὶ
723 1110 892 1165 συνοικεῖν
911 1092 999 1182 εἶχεν
1014 1089 1158 1184 ἡλικίαν,

206 1191 442 1265 ίκδίδωσιυ’
400 1192 505 1283 αυτὴν
522 1197 727 1293 Ναυσιμενει
737 1203 919 1285 Χοίαργεῑ,
938 1191 1002 1263 σάυ
1020 1199 1159 1284 ἱματίοις

206 1297 261 1364 καὶ
278 1303 425 1386 χρυσίοις
448 1299 546 1368 πέντε
567 1297 623 1366 καὶ
647 1305 749 1364 είκοσι
766 1298 851 1385 μνάς
869 1293 1012 1416 ἐπιδούς.
1048 1291 1159 1366 κάκεῖ-

204 1422 263 1475 νος
281 1396 342 1485 μὲν
359 1391 504 1486 τρισὶυ”
483 1424 503 1483 η
522 1397 691 1518 τέτταρσιν
709 1402 794 1466 ἔτεσι
811 1393 891 1485 μετὰ
907 1398 1011 1464 ταῦτα
1023 1393 1160 1517 κάμνων

204 1490 425 1584 ἀποθνήσκει,
443 1492 583 1587 πρὶν’
541 1524 630 1618 αυτρι
618 1497 804 1584 γενέσθαι
815 1503 935 1576 παῖδας
955 1497 1048 1564 ἐκ
990 1523 1064 1618 της
1080 1525 1158 1586 ημε-

202 1598 298 1686 τέρας
320 1593 456 1685 μητρός
480 1624 500 1666 ο
488 1591 560 1665 δὲ
576 1593 707 1677 πάππος
724 1594 939 1686 κομισάμενος
956 1590 1079 1685 αὐτην,
1103 1601 1158 1667 καὶ

202 1691 265 1782 τὴν
280 1712 401 1786 προῖκα
417 1723 479 1766 ουκ
495 1691 713 1814 ἀποίμβων”
694 1715 776 1785 οσην
793 1703 897 1767 ἔδωκε
915 1694 970 1767 διά
986 1724 1047 1784 την
1063 1707 1158 1766 Ναυ-

204 1797 357 1912 σιμίνους
380 1792 522 1889 ἀπορίαν
543 1825 610 1866 των
634 1795 849 1919 πραγμάτρν,
879 1795 979 1866 πάλιν
1001 1799 1158 1867 ἐκδίδωσι
1228 1875 1229 1884 ¹

171 1922 247 1987 τῳ
236 1898 339 1988 ἐμῷ
360 1899 459 2018 πατρὶ
483 1900 538 1966 καὶ
556 1905 661 1986 χιλίας
680 1893 824 1988 δραχμάς
841 1893 953 1988 προῖκ’
974 1900 1155 1966 ἐπιδίδωσι.
1228 1894 1229 1925 ¹

167 1967 186 2060 1)
208 1998 310 2066 Ταυτὶ
335 1994 376 2084 δη
399 1994 507 2067 πάντα
524 1995 604 2088 πρὸς
621 1995 679 2079 τὰς
701 1992 868 2087 αίτίας,“
846 2025 885 2080 ας
906 2026 973 2068 νυν
989 2024 1081 2066 ουτοι
1107 2001 1156 2066 λε’-

201 2117 316 2185 γουσι,
339 2122 408 2178 πως
424 2094 466 2168 ἀν
482 2125 531 2177 τις
550 2101 666 2180 δείξειε
681 2101 885 2187 γεγενημένα
901 2100 1070 2224 φμυερσῖςς
1093 2095 1157 2185 ἐγω

202 2199 307 2282 ζητωυ
330 2199 470 2316 ἐξεῦρον.
512 2195 640 2286 ἀνάγκη
662 2196 724 2286 τὴν
747 2195 827 2287 ἐμὴν
849 2202 989 2290 μητέρα,
1013 2207 1079 2266 είτε
1094 2209 1158 2268 θυ

201 2293 306 2384 γάτηρ
327 2286 371 2382 ἦν
387 2305 537 2387 Κίρωυος
561 2308 627 2368 είτε
642 2296 704 2387 μή,
727 2301 783 2367 καὶ
801 2305 833 2370 εί
848 2325 914 2388 παρ
918 2295 1068 2388 ’ἐκείνῳ
1087 2304 1158 2387 διη-

201 2397 278 2464 τάτο
299 2388 333 2484 [η
348 2393 419 2486 οὐ’],
438 2395 553 2466 καὶ’
510 2425 635 2488 γαμους
654 2397 706 2489 [εί]
728 2396 856 2478 διττους
872 2394 957 2490 υπδρ
974 2395 1095 2484 ταύτης
1114 2403 1158 2467 εί-

161 2539 162 2544 1
202 2503 337 2566 στίασεν
358 2525 379 2584 η
396 2524 457 2585 μη,
481 2499 537 2568 καὶ
554 2515 674 2621 προῖκα
696 2526 813 2586 ηντιυα
832 2497 983 2589 εκάτερος
1000 2493 1052 2567 ἐπ’
1072 2493 1159 2587 αυτῇ

202 2599 270 2665 ταῖν
290 2595 467 2684 γημάντων
488 2602 602 2689 ἔλαβε,
626 2597 734 2670 πάντα
754 2603 859 2669 ταῦτα
876 2602 1000 2669 εἰδέναι
1016 2624 1094 2678 τους
1111 2605 1157 2668 οί-

151 2709 185 2761 10
202 2697 306 2776 κίτας
315 2694 423 2766 καὶ
387 2725 448 2778 τας
461 2708 669 2789 θεραπαίνας
685 2694 723 2820 ἀς
742 2703 865 2780 ἐκεῖνος
883 2703 1042 2788 ἐκέκτητο
1078 2705 1158 2785 βου-

201 2793 338 2884 λόμενος
355 2787 418 2867 οὖν
441 2796 521 2888 πρὸς
542 2816 610 2880 τοῖς
630 2795 814 2891 υπάρχουσι
837 2799 999 2891 μάρτυσιν
1023 2805 1158 2888 ἔλεγχον

185 2898 239 2967 ἐκ
262 2895 418 2983 βασάνων
446 2897 648 2985 ποιήσασθαι
681 2903 757 2990 περὶ
787 2897 920 2990 αὐτων,
955 2905 1011 2970 ινα
1031 2902 1158 2987 μᾶλλον

202 2992 315 3076 αὐτοῖς
338 3018 513 3095 πιστευητε
534 3027 579 3088 μη
601 3003 756 3088 μέλλουσι
779 2999 901 3071 δάσειν
923 3007 1057 3088 ἔλεγχον
1080 2994 1155 3068 ἀλλ’

200 3093 265 3185 ηδη
285 3096 446 3166 δεδωκόσι
467 3089 596 3189 περὶ
568 3128 615 3169 ων
637 3103 856 3190 μαρτυροῦσι,
880 3099 1017 3180 τούτους
1040 3096 1158 3188 ἠξίουν

200 3199 357 3268 ἐκδουναι
384 3194 441 3280 τάς
463 3209 669 3287 θεραπαίνας
693 3202 748 3271 καὶ
769 3228 848 3281 τους
871 3202 998 3282 οίκὲτας
1021 3208 1102 3286 περί
1122 3227 1158 3269 τε
1225 3277 1226 3280 ¹

199 3295 328 3368 τούτων
339 3301 394 3367 καὶ
411 3301 488 3420 περὶ
505 3327 573 3370 των
590 3295 735 3370 άλλωυ’
717 3297 872 3421 αμάντων
882 3324 943 3370 οσα
955 3307 1158 3420 τυγχάνουρι

148 3415 181 3466 11
199 3396 397 3480 συνειδοτες.
432 3388 620 3478 ουτοςδ’
603 3427 703 3471 ονυυ
725 3394 809 3491 υμάς
830 3397 980 3484 ἀξιώσων
1002 3417 1072 3480 τοῖς
1095 3395 1158 3470 αὖ·
