2490 3914
76 223 80 232 ,
112 189 137 239 p.
155 172 198 224 52.
259 169 351 222 ΠΕΡΙ
367 171 444 222 ΤΟΤ
462 169 743 224 ΔΙΚΑΙΟΡΗΝΟΤΣ
760 173 925 227 miror
1027 183 1067 248 63

112 345 229 435 παιάν,
248 344 359 412 πεέθει
376 339 617 466 Μενέξενον
584 371 642 414 τον
652 339 767 436 ὑπέρ“
748 350 843 435 ημοὶν
860 375 897 418 τε
913 350 969 418 καὶ
981 331 1069 444 υπὲρ

44 517 48 528 ἢ
112 440 215 514 αὑτοῦ
239 441 453 538 πράττοντα,
466 439 488 512 ἁ
481 433 568 532 ἐγώ
586 445 822 536 αἰσχυνόμενος
847 444 1070 541 ἀναγκάζομαι

112 541 166 614 διά
182 541 244 632 τήν
262 547 390 614 ἐκείνου
407 553 571 634 πονηρίαν
588 549 998 640 k5yew‚--vluocvjoat;
1016 581 1069 623 κο-

111 642 291 767 μισάμενον
317 641 420 714 αὐτὸν
403 646 534 767 μέρος
553 649 588 716 ἐκ
604 674 664 718 του
682 646 844 740 κλήρου”
824 679 843 720 ο
860 678 891 721 τι
910 655 1069 744 έγήινετο,

110 740 194 835 ἡμᾶς
211 747 272 835 μὲν
283 735 416 864 ὑπὲρ
387 773 436 815 ων
454 752 591 836 ἔπραττε
609 749 802 873 προδουναι,
820 743 897 833 τοδς
916 753 955 822 δὲ
971 751 1069 842 μήπω

113 845 296 926 ἑαλωκότας
321 875 390 916 των
415 845 593 939 μαρτύρων
619 846 763 938 ἀφεῖναι
810 854 867 922 καὶ
892 848 1069 942 ἡμεῖςν
1007 855 1069 943 μὲν

111 975 215 1016 ταυτα
237 941 285 1034 ἡ
265 944 331 1018 υπὸ
356 975 424 1018 των
446 957 555 1072 φλλφν
581 953 636 1020 καὶ
662 953 730 1023 τοῖν
757 954 886 1077 έχθρων
904 952 1070 1036 παθόντες

112 1058 243 1138 εἴχομεν
268 1043 417 1139 ἡσυχίαν.
462 1048 590 1122 τούτων
617 1049 651 1121 δ’
679 1049 760 1143 ὑμῖν
785 1051 953 1197 μάρτυρας
970 1056 1069 1146 παρέ-

159 1153 262 1239 ξομαι

487 1297 694 1351 ΜΑΡΤΤΡΕΣ.

184 1448 219 1523 Ὁ
244 1453 306 1542 μὲν
331 1459 448 1524 τοίνυν
465 1456 653 1536 Μενέξενος
680 1452 800 1526 παθων
817 1453 891 1539 ἀξια
909 1484 975 1526 των
994 1458 1069 1526 έαυ-
1088 1467 1121 1518 14

112 1583 171 1625 του
188 1552 321 1645 τρόπων
346 1549 504 1676 ἠπατήθη
529 1549 596 1624 ὑπὸ
613 1583 673 1626 του
661 1559 944 1679 Δικαιογένους
972 1552 1071 1645 ἀφεὶς
1153 1627 1155 1640 ,

111 1653 174 1746 γάρ
206 1683 283 1736 τους
314 1652 483 1746 μάρτυρας
508 1650 609 1744 nal
590 1659 674 1745 ημάς
701 1655 863 1748 προδούς,
898 1685 946 1726 ων
972 1659 1070 1727 ἕνεκα

110 1783 195 1827 ταυτ
199 1751 423 1846 ’έπραξεν’
384 1783 446 1826 ουκ
465 1760 644 1879 ἐκομίσατο.
680 1753 853 1846 ἀδικηθεὶς
873 1751 945 1827 δέ“
926 1753 992 1828 υπδ
1009 1769 1093 1828 Ac·-

112 1860 305 1946 παιομένους
322 1852 401 1946 μεθ’
419 1851 514 1946 ἡμῶν
531 1855 632 1928 πάλιν
650 1863 817 1949 έπραττεν
845 1853 938 1947 ἡμεῖς
948 1855 996 1943 δὲ
1012 1887 1069 1928 κοι-
1185 1916 1187 1929 .

111 1957 318 2047 θηγοάμενοι
343 1954 454 2028 ου’κέτι
477 1955 657 2049 προσήκειν
674 1961 882 2048 Δικαιογένει
900 1964 987 2048 ἔχειν
999 1986 1071 2028 των

113 2065 151 2130 έπ
167 2086 227 2129 του
253 2056 377 2148 κλήρου
394 2060 492 2150 μέρος
509 2055 637 2182 οὐδένζ
656 2057 822 2148 ἐπειδή
787 2087 819 2130 οι
836 2057 999 2150 μάρτυρες
1018 2056 1071 2130 ἑά-

112 2171 236 2249 λωσαν,
255 2155 526 2249 ἀμφισβητοῦμεν
544 2155 637 2254 αάτφ
652 2156 796 2241 ἀπαντος
813 2187 872 2230 του
860 2162 979 2230 ὀἴκου
996 2154 1069 2229 κατ’

112 2259 311 2352 ἀγχιστείαν
355 2256 455 2329 καὶ”
436 2288 486 2331 οτι
511 2255 605 2350 ἡμεῖς
628 2289 664 2330 τε
680 2257 792 2380 ὀρθοῖς
810 2258 999 2349 έννάκαμεν
1016 2261 1072 2329 καὶ

112 2358 216 2433 οὐδέν
234 2367 282 2432 έτι
299 2359 458 2451 προσήκει
475 2362 685 2450 Δικαιονέυει
703 2389 763 2432 του
752 2358 920 2452 κλήρου,
948 2365 1071 2453 ῥᾳδιως

114 2462 245 2547 διδάξω.
276 2459 337 2537 δύο
354 2459 418 2553 γάρ
437 2463 595 2551 διαθῆκαι
611 2457 841 2552 ἀπεφάνησαυ,
860 2456 881 2550 ἡ
899 2461 960 2550 μέν
972 2459 1072 2530 πάλαι
1089 2481 1123 2534 15
1195 2489 1200 2496 ’

112 2567 240 2658 πολλῷ,
259 2559 280 2652 ἡ
300 2559 333 2632 δ’
352 2557 508 2653 ὕστερον·
527 2564 583 2632 καὶ
600 2561 682 2633 κατά
699 2564 761 2653 μέν
777 2559 838 2650 τήν
855 2558 1011 2650 παλαιάν,
1029 2557 1071 2648 ἡν

112 2661 263 2754 ἀπέφηνε
288 2661 455 2756 Πρόξενος
480 2658 498 2734 ὁ
525 2665 763 2751 Δικαιονένους
792 2663 926 2733 τουτουὶ
953 2659 1071 2751 πατήρ,

113 2769 169 2837 ἐπὶ
186 2767 233 2859 τῷ
248 2773 347 2859 τρίτφ
364 2768 457 2857 μέρει
473 2767 534 2836 τοῦ
549 2761 674 2856 κλήρου
692 2768 840 2854 έγίγυετο
861 2765 909 2854 τῷ
924 2769 1007 2854 θείφ
1025 2764 1073 2857 τςό

111 2863 261 2959 ἡμετέρῳ
286 2864 359 2948 υέός
385 2863 535 2956 ποιητάς,
561 2861 641 2936 καθ’
669 2861 712 2954 ἡν
739 2861 771 2935 δ’
797 2859 896 2944 αὐτὸς
922 2859 1072 2952 ἀπέφηνε

112 2969 349 3057 Δικαιογένης,
377 2969 430 3038 ἐπὶ
455 2968 555 3037 παντὶ
581 2967 628 3060 τῷ
651 2976 742 3060 ολκφ.
787 2961 925 3036 ταάτοιιυ
943 2964 980 3033 δὲ
996 2978 1072 3033 ταῖν

113 3067 298 3158 διαθήκαιν
323 3063 366 3157 ἡν
391 3069 452 3157 μὲν
469 3065 635 3159 Πρόξενος
661 3063 827 3191 ἀπέφηνε,
855 3065 1073 3151 Δικαιομένης

113 3177 227 3242 ἔπεισε
243 3197 322 3250 τους
340 3162 545 3250 δικαστάς“
521 3196 566 3250 ως
582 3164 645 3237 οάκ
662 3164 789 3256 ἀληθής
809 3175 876 3253 εἴη
896 3160 938 3252 ἡν
957 3163 994 3233 δέ
1011 3174 1072 3234 Δι-

112 3274 288 3395 καιομένης
315 3267 568 3358 ἀπέφηνεν,ολ
533 3266 857 3359 ομαρτυρήσαντες
884 3260 989 3352 αὐτήν
1013 3260 1073 3334 τόυ

112 3386 214 3476 θεῖον
229 3400 288 3442 τον
304 3367 462 3461 ἡμέτερον
481 3371 659 3439 διαθέσθαι
678 3366 828 3438 ἑάλωσαν
845 3370 1072 3454 ψευδομαρτυ-

112 3469 208 3568 ριων.
227 3469 402 3563 ἀμφοινδὲ
411 3485 486 3540 ταϊν
505 3465 720 3559 διαθήκαιν’
700 3466 1073 3561 ακάροινγνγνομέναιν,
1092 3479 1126 3534 16
