2502 3930
99 175 100 179 ’
192 187 232 248 16
605 178 734 230 τεεεου
1036 149 1101 230 ὀι
1121 177 1142 226 1.
1245 179 1246 218 ι

190 351 252 438 μὲν
276 347 384 430 ἄλλοις
413 358 629 439 ψηφίζοισθε,
660 348 741 420 ὅταν
764 345 891 439 θάτερα
916 347 1043 420 τούτων
1067 345 1144 419 άπο-

190 457 335 538 φαίνωσι
353 455 437 538 σφοῖς
455 447 590 539 αύτούς,
615 445 635 538 ἡ
653 454 741 542 γένει
758 454 937 541 προτέρους
954 447 1050 530 ὄντας
1068 445 1089 536 ἡ
1106 453 1144 539 τή

189 559 284 641 φιλία
309 555 351 640 τῇ
373 549 453 642 πρὸς
469 549 527 621 τόν
544 549 812 639 τετελευτηκότα,
836 545 919 639 ἡμᾶς
939 546 971 618 δ’
990 546 1039 630 οἷς
1059 553 1144 619 ἐστιν

189 647 359 741 άμφότερα
381 655 486 722 ταῦτα
508 649 597 742 παρά
619 650 753 721 πάντων
769 646 1033 739 ὁμολογούμενα,
1052 645 1144 732 ἄξιά·

124 784 126 790 ’
190 773 262 820 σετε
279 750 400 840 μόνους
417 748 580 842 άκλὴρους
597 754 730 840 ποιήσαι
747 755 814 820 τω”ν
832 755 969 820 ἐκείνου,

137 861 172 916 39
264 855 336 921 Καὶἰ
358 860 389 921 εί
409 853 471 941 μὲν
493 851 685 942 Πολύαρχος
712 847 729 921 ὁ
753 847 899 950 πατήρὸ
928 849 1144 939 Κλεωνύμου,

191 951 322 1032 πάππος
347 949 380 1039 δ’
403 948 575 1043 ἡμέτερος,
604 957 668 1036 ζων
692 947 849 1042 ἐτύγχανε
871 953 926 1021 καὶ
949 955 1016 1023 τάν
1040 955 1145 1038 ἐπιτη-

192 1059 291 1122 δείων
310 1051 423 1141 ἐνδεὴς
442 1051 505 1143 ίίν,
530 1048 770 1142 ἡΚλεοίνυμος
794 1051 983 1140 ἐτελεύτησε
1005 1055 1146 1139 θυγατέ-
1245 1119 1246 1124 ,

190 1181 249 1242 ρας
266 1149 493 1244 ἀπορουμένας
516 1151 725 1242 καταλιπων,
749 1149 845 1244 ἡμεῖς
868 1148 912 1236 ἂνῚ
934 1150 988 1221 διά
1011 1150 1073 1241 τὴν
1090 1149 1147 1240 άγ-
1245 1143 1246 1152 ¹

188 1261 334 1341 χιστείαν
357 1257 412 1323 καί
430 1252 487 1325 τόν
504 1253 639 1325 πάππον
662 1271 881 1344 γηροτροφεῖν
897 1250 1148 1342 ἠναγκαζόμεθα

190 1357 244 1422 καὶ
262 1350 320 1434 τάς
331 1353 542 1444 ,Κλεωνύμου
554 1357 740 1444 θυγατέρας
757 1348 779 1442 ἡ
797 1360 914 1441 λαβεῖν
927 1350 1020 1424 αὐτοὶ
1032 1370 1147 1441 γυναῖ-

189 1482 248 1535 κας
265 1448 419 1544 ήπροῖκα
431 1453 634 1536 ἐπιδιδόντες
648 1457 768 1544 ἑτέροις
782 1453 960 1542 ἐκδιδόναι,
979 1457 1034 1524 καί
1046 1451 1146 1523 ταῦθ’

96 1623 97 1626 ,
134 1558 152 1582 ‘'
188 1549 273 1643 ἡμάς
295 1557 351 1624 καὶ
368 1549 389 1644 ἡ
407 1558 582 1645 συγγένεια
605 1558 659 1624 καί
682 1561 718 1624 οί
731 1554 826 1642 νόμοι
839 1557 898 1636 Ικαὶ
915 1551 936 1642 ἡ
954 1551 1033 1646 παρ’
1052 1549 1148 1642 ύμοῑν

189 1653 328 1744 αἰσχύνη
352 1673 459 1726 ποιεῖν
483 1653 664 1745 ἠνάγκαζεν
686 1653 744 1743 άν,
768 1650 789 1742 ἡ
812 1673 883 1736 ταῖς
906 1663 1073 1745 μεγίσταις
1097 1663 1148 1740 ζη

136 1774 169 1823 40
186 1763 274 1845 μίαις
304 1758 359 1826 καὶ
388 1774 456 1838 τοῖς
486 1756 630 1846 ἐσχάτοις
661 1753 804 1826 ὀνείδεσι
828 1772 1032 1846 περιπεσεῖνΙ
1058 1762 1090 1823 εί
1113 1752 1148 1822 δ’
1245 1845 1246 1848 ¹

187 1851 285 1925 οὐσία
312 1866 531 1946 κατελείφθη,
566 1863 694 1927 δίκαιον
723 1851 886 1944 ἡγήσεσθ’
919 1857 1004 1925 εἶναι
1027 1854 1149 1944 ταύτης
1245 1885 1246 1928 3

130 1960 133 1965 ’
189 1957 320 2045 ἑτέρους
347 1953 442 2046 ἡμων
465 1961 589 2046 μάλλον
611 1967 846 2047 κληρονομεῖν;
869 1953 931 2026 ούκ
954 1953 1018 2045 άρα
1037 1961 1149 2025 δίκαια

187 2053 263 2133 οὐδ’
287 2052 368 2146 ύμῖν
391 2054 504 2137 αὐτοῖς
528 2061 738 2147 συμφέροντα
761 2055 842 2127 οὐδὲ
859 2074 926 2138 τοῖς
944 2055 1055 2146 νόμοις
1073 2052 1149 2144 ὁμο·
1245 2109 1246 2118 ³

188 2155 375 2246 λογούμενα
404 2171 602 2247 ψηφιεῖσθε,
634 2165 665 2228 εί
690 2161 757 2228 των
779 2157 842 2245 μέν
868 2159 1049 2246 συμφορῶν
1070 2154 1150 2236 τούς
1245 2149 1246 2164 ’

188 2257 353 2352 ἐγγυτάτω
376 2261 466 2346 γένει
485 2275 658 2328 κοινωνεῖν
675 2254 893 2346 ἀναγκάσετε,
917 2256 1092 2347 χρημάτων
1104 2259 1150 2326 δὲ

187 2361 477 2446 καταλειφθέντων
505 2357 630 2439 πάντας
659 2355 859 2448 άνθροίπους
883 2361 1103 2448 κυριωτέρους
1128 2353 1149 2445 ἡ
1245 2385 1246 2388 ’

186 2455 326 2538 τούτους
345 2457 505 2546 ποιήσετε.
1024 2526 1028 2532 ,.

135 2580 164 2630 41
263 2555 335 2647 Χρή
362 2561 414 2646 δέ,
439 2549 467 2628 ω’
489 2556 623 2648 άνδρες,
648 2562 702 2630 καὶ
723 2556 778 2628 διά
798 2556 860 2647 τὴν
877 2563 1075 2647 συγγένειαν
1092 2561 1150 2628 καὶ
1245 2601 1246 2614 1

188 2653 242 2725 διά
258 2654 320 2746 τήν
337 2658 601 2749 τοῦπράγματος
619 2654 800 2748 ἀλήθειαν,
820 2656 901 2749 ὅπερ
920 2677 1060 2748 ποιεῖτε,
1079 2677 1150 2740 τοῖς
1245 2679 1246 2690 ³

185 2754 268 2827 κατά
286 2761 380 2845 γένος
393 2767 595 2848 ψηφίζεσθαι
613 2765 737 2851 μάλλον
754 2755 775 2849 ἡ
793 2777 861 2842 τοῖς
879 2758 961 2830 κατά
980 2758 1151 2849 διαθήκην

117 2879 119 2882 ’
185 2855 436 2949 ἀμφισβητοῦσι.
484 2856 545 2948 τήν
567 2858 712 2952 μὲνγὰρ
734 2865 795 2930 τού
822 2864 940 2949 γένους
963 2858 1152 2948 οἰκειότητα
1245 2907 1246 2958 3

185 2957 304 3039 πάντες
323 2958 528 3049 ἐπιστάμενοι
547 2960 740 3050 τυγχάνετε,
759 2963 815 3031 καὶ
833 2958 894 3050 ούχ
911 2957 983 3032 οἷόν
1000 2989 1037 3030 τε
1054 2958 1150 3030 τοῦτ’

186 3062 252 3128 ἐστὶ
276 3057 357 3149 πρός
379 3056 465 3148 ὑμᾶς
482 3060 687 3144 ψεύσασθαι·
713 3055 875 3149 διαθήκας
895 3058 926 3130 δ’
947 3059 1011 3150 ήδη
1030 3063 1150 3131 πολλοὶ
1245 3113 1246 3126 ,

185 3165 320 3240 ψευδεῖς
338 3157 529 3250 άπέφηναν,
549 3166 656 3232 καλοί
676 3163 738 3250 μὲν
759 3159 795 3232 τό
813 3160 970 3252 παράπαν
994 3157 1035 3231 ού
1053 3189 1151 3250 γενο·
1245 3151 1246 3226 ἶ

134 3279 166 3329 42
183 3261 300 3350 μένας,
322 3265 420 3333 ἐνίων
434 3260 467 3332 δ’
487 3259 548 3332 ούιι
561 3258 672 3352 ὀρθάς
690 3266 971 3352 βεβουλευμένων.
1008 3267 1063 3331 καὶ
1081 3265 1151 3332 νύν

67 3419 71 3430 τ
183 3355 277 3448 ὑμεῖς
307 3360 369 3450 τήν
398 3363 464 3451 μὲν
485 3366 682 3451 συγγένειαν
710 3366 765 3432 καί
794 3360 856 3452 τήν
877 3360 1061 3450 οἰκειότητα
1084 3358 1150 3449 τὴν

184 3455 357 3552 ἡμετέραν,
371 3459 421 3544 οἷς
435 3459 528 3552 ἡμεῖς
543 3459 780 3553 άγωνιζόμεθα,
798 3459 939 3555 άπαγτες
953 3467 1149 3533 ἐπίστασθε
