2490 3914
70 211 100 262 p.
120 191 163 244 τι.
291 189 475 244 11661606
492 188 631 243 616106
647 187 811 240 Κλεῖτον.
967 193 1027 256 143

71 363 136 453 μέν
152 391 183 432 τι
200 364 255 432 καί
272 359 364 454 αύτῷ
375 364 476 451 μετῆν
488 358 570 431 κατὰ
586 357 623 430 τδ
633 351 746 449 γένος,
765 355 809 440 69
820 348 916 439 ούτος
929 359 1027 448 λέγει,

72 471 110 533 τί
131 469 198 532 ἔδει
221 466 379 551 γενέσθαι
401 461 526 550 ταύτην
542 459 654 542 αύτοῖς
677 457 756 551 παρ’
781 463 862 550 ἐμού
876 457 937 583 τὴν
953 455 1029 582 ὁμο·

73 570 216 651 λογίαν,
233 553 338 652 ἦν
299 592 362 653 γαρ
379 557 498 654 ὁμοίως
521 565 577 632 καί
593 560 720 641 τούτοις
738 558 936 631 ἐπίδικον
903 589 939 630 το
956 555 1029 649 ἡμι-

72 662 229 754 κλήριον,
248 675 282 734 εί
294 690 356 754 περ
373 659 485 752 ιἰληθή
499 665 662 751 λέγουσιν.
699 669 731 732 εί
748 659 842 732 δὲ
801 689 846 751 μη
863 666 1028 754 προσῆκεν
1044 677 1095 730 νο·

12 792 16 800 ’
74 761 188 846 αὐτοῖς
211 768 269 853 τῆς
292 761 476 854 ἀγχιστείας
496 755 620 853 μηδέν,
646 760 701 833 διὰ
717 757 787 832 τί“
766 791 809 833 αν
825 761 1029 852 μεταδύσειυ

74 861 285 988 ὡμολόγουν,
303 869 370 935 τοῖν
380 863 500 954 νόμων
517 867 587 987 ἐμοὶ
604 862 738 956 πάντων
756 859 869 934 αύτυν
887 860 1029 934 δεδωκό-

71 993 142 1036 των
158 963 220 1054 666
236 973 486 1056 κληρουομίανς
497 963 619 1054 πότερα
638 961 669 1034 δ’
687 960 750 1034 ούκ
766 951 809 1052 ἦν
834 992 889 1053 μοι
905 973 1028 1053 λαχεῖν,

74 1073 107 1135 εί
122 1065 166 1155 μὴ
184 1074 331 1155 πείσαιμι
353 1063 504 1152 τούτουςς
528 1061 636 1134 ύλλΗ
619 1094 638 1135 ο
654 1093 755 1154 υομος
776 1093 822 1190 τςο
810 1067 1029 1156 βουλομένῳ

77 1173 194 1236 δίδωσι
216 1165 278 1254 τὴν
302 1170 412 1250 ἐξουσί
410 1195 469 1255 αν,
493 1162 576 1236 ὥστε
598 1168 694 1236 τοῦτο
711 1162 773 1236 ούκ
795 1157 840 1285 66
855 1161 967 1289 αύτοῖς
986 1171 1029 1234 εί·
1113 1244 1118 1251 ,

77 1283 162 1336 πεῖν
198 1262 270 1337 ἀλλ’
290 1264 379 1356 εἶχόν
395 1262 470 1337 τινύ
486 1294 541 1355 μοι
548 1272 738 1390 μαρτυρίαν
754 1267 816 1336 606
831 1264 1028 1356 πράγματος,

76 1363 120 1454 66
144 1374 174 1436 ελ
194 1364 238 1456 μὴ
268 1365 489 1458 ἐμαρτύρουν,
517 1363 580 1437 066
609 1374 746 1456 ἐμελλου
775 1364 1030 1436 ἐπιδικάσασθαι

74 1464 219 1554 τούτους
244 1464 326 1538 ιἰλλδι
342 1464 425 1537 κατὰ
441 1469 535 1555 γένος
552 1464 800 1557 ἡμφισβήτουν,
818 1464 860 1590 ού
877 1463 958 1536 6666
976 1463 1029 1535 δό-

75 1588 148 1657 σιν,
170 1565 249 1638 ὥστ’
274 1565 378 1638 ούδέν
399 1574 466 1638 ἔδει
489 1565 673 1658 μαρτύρων.
712 1564 809 1638 Αλλα
818 1596 884 1657 μην
903 1574 935 1638 εί
949 1564 1031 1655 μήτε
1046 1577 1081 1630 66

74 1667 300 1739 κοινώσασθαι
322 1665 360 1738 τδ
383 1669 516 1759 πρᾶγμα
538 1665 678 1758 ἐνῆν,”
659 1664 708 1740 06'
733 1675 785 1757 ἔζη
808 1667 1027 1788 Στρατοκλῆς,

75 1767 156 1857 μήτε
177 1765 195 1838 6
218 1766 325 1860 πατὴρ
354 1765 444 1892 μύτςο
432 1770 639 1840 κατέλιπεν
662 1759 944 1892 ἐπιδικασάμενος
954 1765 1029 1836 τού-

75 1895 143 1938 των
168 1872 289 1959 μηδέν,
316 1867 398 1959 μήτε
425 1867 510 1994 6669
535 1859 578 1958 ἦν
602 1869 805 1958 μεταδώσειν
824 1866 928 1963 ἐμὲ
894 1895 931 1939 το
956 1863 1028 1956 ἡμι-

76 1966 211 2059 κλύριου
228 1965 425 2059 ὁμολογῆσαι
442 1965 549 2062 αύτῷ,
569 1965 752 2040 ύπέδοτεδ’
770 1965 866 2059 ύμεῖς
884 1965 1029 2039 ἐπιδικύ·

77 2072 192 2150 σαυτές
216 2099 270 2160 μοι
293 2074 413 2141 τούτου
437 2067 496 2141 666
521 2072 704 2161 κλῆρου,ο
686 2075 722 2141 ολ
745 2068 782 2140 δέ
806 2068 888 2160 μήτε
914 2075 1044 2157 ἔλαχον

60 2197 144 2240 των
161 2167 275 2240 αύτύν
291 2169 355 2260 μήτ
358 2167 631 2260 ’ἀμφισβητῆσαι
643 2169 757 2240 πύποτ
760 2167 843 2258 ’ἠξί
842 2191 942 2258 6666,
961 2171 1030 2248 πῶς

78 2267 138 2359 χρὴ
156 2268 291 2351 πιστούς
309 2269 394 2341 εἶναι
410 2278 555 2361 νομίζειν
570 2269 647 2352 τούς
663 2257 791 2342 τούτοιν
808 2270 942 2359 λύγουςς
967 2266 1030 2358 ἐγώ

78 2373 258 2460 μὲνοίομαι
275 2367 444 2461 ούδαμιος·
456 2387 680 2464 προσποιεῖται
691 2379 745 2441 τοί
742 2400 807 2442 νυν
818 2362 913 2452 υύτος
931 2371 1030 2460 (ἐπει-
1047 2383 1081 2435 27

80 2469 121 2558 66
137 2476 215 2542 τοῠτ
219 2467 417 2552 ἐίκύτως”
397 2501 440 2542 αν
455 2467 712 2562 δαυμύζοιτε,”
692 2500 743 2542 οτι
758 2498 818 2542 του
806 2467 1030 2561 ἡμικληρίου

78 2571 150 2641 τότε
173 2570 234 2660 τὴν
257 2579 354 2661 δίκην
376 2568 439 2642 ούκ
463 2571 655 2662 ἐλάγχανον)
685 2576 746 2642 τού
768 2573 829 2662 μὲν
846 2569 896 2695 μὴ
918 2580 1032 2660 λαχεῖν

79 2669 159 2762 πρὸς
178 2675 323 2754 ἐκείνους
347 2673 402 2762 ἐμέ
421 2668 505 2744 εἶναι
521 2683 628 2743 αἰτιου
651 2667 698 2754 69
714 2668 960 2762 ὁμολογήσαντα
976 2697 1031 2761 με·

78 2771 258 2890 ταδούσειγ,
282 2770 365 2846 ὥστε
383 2770 453 2944 606g
465 2769 556 2842 τοῦτ’
580 2769 621 2844 ού
643 2770 950 2864 παρακαταβάλλειν
973 2768 1031 2894 66-

78 2888 163 2960 τοῖς,
190 2863 247 2959 Ιτῆς
272 2874 310 2941 δὲ
332 2871 475 2964 πρδςέμ
477 2871 639 2962 ἐλήξεως
666 2870 818 2997 ἐμποδύγ
845 2873 930 2943 εἶναι
954 2869 1032 2952 τούς

78 2971 201 3061 νόμους
220 2969 330 3066 (ού
291 3001 354 3064 γαρ
367 2903 475 3043 εἶναιμ
467 2991 536 3055 τοῖς
552 2971 712 3065 ὀρφανοῖς
722 2972 805 3045 κατὰ
821 2977 888 3044 τοῖν
906 2969 1032 3062 ἐπιτρό-

79 3072 183 3162 πων),
209 3069 358 3163 οὐδέτερ’
382 3071 493 3162 ἀληθῆ
517 3076 631 3162 λέγων
664 3073 749 3146 ούτε
773 3072 837 3166 γὰρ
862 3069 905 3144 διν
929 3071 1033 3161 νόμον
1048 3085 1084 3141 20

80 3169 262 3256 δείξειεν“
242 3202 278 3254 09
303 3172 424 3243 κωλύει
453 3177 572 3246 τούτου
595 3171 680 3266 ύπέρ
705 3179 766 3246 τού
790 3173 907 3254 παιδὸς
934 3179 1032 3262 δίκην

78 3271 157 3363 παρ’
192 3277 273 3364 ἑμού
295 3271 488 3398 λαμβάνειν
521 3271 562 3346 06
584 3275 649 3400 γάρ
673 3279 761 3346 ἐστιν
783 3271 1032 3364 ἐναντιούμενος

78 3370 205 3463 ούδείς,
230 3371 304 3444 ἀλλ’
329 3369 438 3464 ὥσπερ
456 3375 539 3444 καὶ
527 3374 656 3466 γραφεὶς
679 3405 739 3446 κατ
742 3372 858 3466 ’ἐμοῦ
874 3377 1046 3464 δέδωκεν,

77 3469 238 3544 οὕτωκαὶ
258 3482 352 3558 δίκας
378 3475 497 3574 ἐμοὶ
466 3503 551 3546 ειναι
574 3480 630 3547 καὶ
652 3503 697 3571 τρο
686 3479 815 3547 παιδὶ
839 3485 1032 3565 πεποίηκεν
