2490 3914
83 182 111 234 p.
126 157 172 215 ιο.
252 165 343 216 ΠΕΡΙ
360 163 437 214 ’σου
454 161 689 216 ιοῑῑυιοιιου
705 164 1041 234 MNT-127

123 331 184 390 τιόν
207 330 262 390 τοῦ
285 323 415 404 άδελφοῦ
436 321 590 430 γινόμενος
614 329 762 430 παίδων,
772 327 912 392 ἐκδέδωκε
933 336 1038 413 Κυρια-

124 413 243 496 υίδη
213 415 256 474 τοῦ
277 407 423 512 ἐκποιήτρι
445 413 503 496 663
521 405 762 516 Ἀριστάρχου
732 437 786 513 την
800 412 985 518 θυγατέραὲ
985 439 1039 476 αυ-

123 499 189 572 τοῦ,
214 471 465 604 ἐπαγγειλάμενος
474 498 664 577 περιποιῆσαι
677 491 759 583 αῦτηῦ
781 491 832 560 τὸν
849 493 1040 598 Ἀριστάρχου

82 603 107 644 ιο
124 584 244 663 κλήρου.
282 579 298 644 6
326 577 362 659 66
389 579 440 642 και
469 581 558 642 πεποί
557 603 625 658 ηκε·
651 560 868 680 γενομένου
819 606 889 681 γαρ
907 583 975 644 υίοῦ
995 586 1039 667 τῷ

123 665 284 767 Κυρφνίδη
304 667 422 770 πρῶιον
443 660 532 744 μδν”
515 687 626 767 ονομα
626 668 669 726 τῦ
688 658 825 728 παιδί
794 688 827 728 το
850 669 903 728 τοῦ
916 663 1040 730 πάππου

124 729 304 850 δεδράκασιν,
321 742 545 852 Ἀρίσταρχον’
531 728 785 853 ονομάσίιντες,ε
772 747 834 812 εἶτα
855 752 1049 830 είσεποίησαυν

123 826 216 894 αῦτὸν
235 827 330 908 είς
299 856 351 895 τον
372 835 425 895 τοῦ
445 827 569 895 πάππου
588 827 716 894 οἶκον*
697 859 736 908 ως
759 829 795 914 δή
816 838 901 898 τοῦτο
922 835 1039 900 ἐκείνου

122 913 353 1019 προστάξαντος,
374 941 423 978 και
415 916 647 1000 παραδέδωκεν
665 913 869 1024 Ἀριστομένης
887 911 969 1006 αῦτρῦ
985 913 1039 982 τὸν

79 1021 106 1061 νο
123 997 192 1063 δίον
209 1004 262 1064 τοῦ
283 997 406 1064 πάππου
427 1005 547 1101 κλήρου.
591 1003 635 1063 ἔτι
657 1001 688 1064 δὲ
708 1025 778 1078 παις
800 995 840 1064 66
863 981 972 1078 ἕκεινάς
993 1027 1038 1066 ιε-

124 1089 233 1148 λευτοῦν
248 1081 432 1166 κληρονόμον
449 1109 525 1148 κατα
513 1077 720 1164 διαθήκαςέ
720 1081 878 1168 νεστήσατο
890 1083 944 1149 τδν
959 1088 1040 1149 ἴδιον

121 1161 249 1249 άδελφὸν
264 1170 445 1239 Ξεναί.νετον
474 1167 586 1232 τοῦτον
605 1165 682 1232 οῦτω
695 1171 874 1253 γενομένων,
898 1171 948 1234 καί
966 1195 1038 1274 κρα-

122 1257 243 1329 τοῦυιος
270 1253 444 1323 Ξεναινέτου
472 1251 528 1360 τήν
544 1247 756 1364 Ἀριστάρχου
756 1259 810 1318 τοῦ
835 1259 965 1319 παλαιοῦ
985 1249 1037 1320 οῦ-

118 1339 203 1438 σίου,
228 1331 418 1439 άμφισβητεῖ
442 1335 517 1420 πρὸς
549 1332 640 1402 αῦτδν
667 1336 683 1402 6
709 1333 775 1414 υἱδς
807 1343 861 1420 τῆς
870 1335 1037 1441 θυγατρὸς

78 1443 104 1482 6
118 1388 309 1526 Ἀριάτάρχου
335 1426 389 1486 τοῦ
409 1426 555 1498 παλαιοῦ,
589 1425 723 1526 λέγων
707 1417 812 1488 εαντδν
839 1421 932 1505 μόνον
960 1420 1038 1487 εἶναι

119 1506 303 1610 κληρονόμον
325 1508 444 1608 δικαίως
463 1511 521 1569 νῦν
538 1503 748 1654 Ἀριστάρχουί
748 1511 802 1571 τοῦ
820 1513 950 1571 παλαιοῦ
964 1533 1035 1590 χρη-
1047 1569 1050 1574 .

121 1587 243 1696 μάτων.ε
272 1585 421 1672 ὃμὲν
385 1616 487 1695 γαρ
465 1593 638 1672 Κυρωνίδης
660 1594 763 1696 (φησίν
745 1591 1006 1697 wlunomog
975 1593 1035 1655 66-

119 1699 200 1738 νειο·
228 1669 245 1738 6
271 1676 303 1740 δὲ
324 1699 419 1778 πατηρ
441 1669 509 1738 υῑδν
532 1677 606 1758 ἔχων
625 1678 747 1778 γνήσιον
769 1672 821 1740 τὸν
845 1618 1036 1779 Δημοχάρην,

120 1754 175 1821 οῦκ
197 1757 320 1824 ίδῦνατο
339 1755 430 1823 θετδν
451 1759 547 1844 ἑαυτοῦ
566 1763 688 1864 ποιήσαι
710 1754 856 1824 6606‘
841 1785 857 1823 0
881 1761 913 1824 δὲ
932 1767 1034 1842 Δημο-

76 1868 103 1910 οο
130 1841 222 1924 χάρης
242 1839 346 1945 άτελής
371 1837 413 1908 66
441 1825 533 1908 οῦδὲ
538 1837 627 1918 αῦτδς
652 1841 775 1908 ἐδάνατο
803 1847 977 1949 εἰσπονησαι
992 1848 1036 1944 τῷ

120 1928 210 2032 πατρὶ
229 1923 318 1992 θετὸν
338 1925 422 1992 υἱόν·
450 1921 530 1993 666’,
544 1925 608 1990 οὐδ’
638 1922 764 2031 66666
779 1926 916 2029 θυγάτηρ
940 1923 1035 1992 αῦτοῦ

118 2006 138 2092 6
164 2006 421 2112 προτείεητήσασα.
466 2008 537 2075 ὥστε
565 2008 601 2076 οῦ
628 2007 704 2075 κατά
734 2008 785 2075 τδν
812 2011 904 2094 νόμον
931 2015 1036 2116 (φησί)

119 2099 173 2174 τῆς
192 2091 380 2199 εἰσποιήσεως
399 2097 582 2199 γενομένης
577 2099 630 2159 τοῦ
649 2121 757 2176 μικρου
743 2092 967 2203 Ἀριστάρχου,
983 2091 1033 2159 οῦ-

121 2181 182 2244 κέτι
193 2173 380 2243 συνίστατο’
363 2205 384 2259 η
400 2176 582 2258 διαθήκη’
545 2183 653 2259 αυτοῦ,
676 2185 730 2243 τοῦ
747 2183 816 2245 νέου
826 2175 1033 2264 Ἀριστάρχου·

76 2287 101 2327 05
118 2259 139 2326 6
159 2257 217 2345 γάρ
237 2264 297 2364 μὴ
307 2265 391 2326 δικαί
377 2267 428 2340 ίως
455 2261 611 2344 ἐκτήσατο,
637 2269 702 2339 πῶς
729 2261 809 2352 άλλη)
827 2267 1037 2370 παραπέμπειν

118 2346 257 2425 ἐδάνατο;
274 2341 495 2450 άναιρονμίνης
512 2349 595 2412 δὲ
558 2373 611 2428 της
627 2345 777 2430 διαθήκης
789 2330 943 2451 εἰκότως
928 2375 945 2414 ο
961 2355 1033 2451 666-

118 2456 168 2513 ρος
189 2427 283 2508 εἰς
251 2457 304 2496 τον
324 2425 495 2538 λέγρντα
464 2455 517 2496 τον
533 2430 625 2536 λόγον
644 2434 777 2516 ἐφέρετο,
800 2426 906 2497 6666’'
888 2457 961 2496 οντα
981 2438 1034 2513 τῆς

117 2521 239 2620 γνησίας
255 2511 408 2622 θυγατρὸς
423 2511 613 2622 Ἀριστάρχου
633 2541 686 2581 του
673 2522 837 2581 παλαιοῦ.
870 2515 961 2580 Καὶ*
945 2544 965 2599 η
979 2519 1036 2599 μὲν

116 2595 260 2676 ῦπόθεσις
279 2597 372 2682 αῦτη,
391 2598 411 2706 ή
433 2600 531 2677 στάσις
547 2603 579 2665 δὲ
597 2624 784 2684 πραγματικη
773 2595 958 2704 ἔγγραφος·
982 2605 1032 2683 ζη-

72 2709 98 2748 ιο
115 2694 163 2748 τεῖ
184 2679 241 2768 γάρ
268 2688 296 2749 εί
315 2683 408 2750 δεῖ
377 2713 429 2761 τας
446 2682 582 2762 κοιαάτας
604 2685 778 2751 συνεστάναι
801 2683 958 2766 διαθήκας,
981 2687 1032 2749 και

115 2772 160 2845 τςί
181 2768 348 2855 δικαιότερα
366 2773 452 2853 λέγει.

146 2940 347 3037 Ἐβουλόμην
375 2937 510 3037 μέν,”
482 2975 508 3016 ω
537 2943 673 3037 ἄνδρες,
703 2941 814 3037 ὥσπερ
837 2953 1032 3027 Ξευαίνετος

70 3041 186 3117 οὑτοσί
205 3044 342 3170 δάυμται
360 3051 471 3136 ψευδῆ
487 3049 596 3172 λέγειν
612 3050 821 3138 θαρραλεως,
839 3043 926 3118 οῦτοι
943 3043 1036 3136 κάγοδ

69 3141 205 3236 πάίηθή
218 3145 300 3238 πρὸς
316 3143 402 3236 ῦμοῖς
404 3139 536 3271 περὶ
508 3177 556 3221 ων
566 3142 837 3239 ἀμφισβητοῦμεν
851 3155 957 3219 εἰπεῖν
975 3153 1033 3217 δυ·

69 3251 234 3336 υηθήυαι·
259 3245 411 3338 οἶμαι
372 3277 435 3339 γαρ
453 3245 495 3320 66
512 3246 593 3338 ῦμιυ
611 3246 737 3370 εῦθίφς
757 3251 859 3338 66606
875 3251 1034 3337 γενέσθαι

71 3344 141 3417 εἴθ’
159 3345 254 3438 ήμεϊς
271 3345 396 3430 άδίκοος
415 3347 519 3418 ἐπὶ
485 3377 544 3420 του
561 3347 715 3441 κλήρου”
694 3379 833 3440 ηκομευ,
854 3346 923 3420 εἴθ’
937 3339 1033 3420 ὀῦτοι

67 3445 115 3536 μή
138 3448 371 3541 προσηκόντως
394 3447 496 3520 πάλαι
513 3447 553 3520 τά
569 3448 718 3542 χρήματα
740 3455 843 3523 ταῦτα
867 3449 1032 3540 εἰλήφασι,
