2502 3930
573 877 600 937 1.

150 1003 276 1078 ΠΕΡΙ
302 1001 408 1080 ΤΟΥ
430 1001 763 1080 ΚΛΕΩΝΤΜΟΎ
788 1000 1018 1082 ΚΛΗΡΟΤ.
1035 1004 1113 1110 ξ’ξςῖς

444 1190 726 1260 ΤΠΟΘΗΣΪΣ.

186 1333 357 1420 Ἀδελφιδοῖ
380 1339 562 1440 Κλεωνύμου
588 1339 812 1420 τελευτήσαντος
838 1340 886 1404 ἐπὶ
914 1333 966 1404 τὸν
989 1304 1060 1424 κλῇ

143 1449 200 1503 ρον
218 1425 352 1527 ἔρχονται
370 1451 444 1490 κατα
435 1422 563 1509 γένος
584 1422 635 1501 τάς
651 1421 854 1506 διαθήκας,
836 1451 872 1500 ας
885 1427 1061 1508 παρέχονται

144 1511 192 1584 εἰς
206 1505 314 1584 αὐτούς
335 1512 367 1572 οἰ
385 1513 467 1614 περὶ
475 1513 653 1604 Φερένικον
658 1511 709 1572 καλ
734 1513 858 1590 Σίμωνα
877 1511 927 1572 καὶ
952 1517 1060 1576 Ποσεί-

145 1595 272 1672 διππον,
294 1591 424 1696 γράψαι,
449 1589 488 1670 ὦς
502 1591 612 1696 ἀληθὲς
633 1580 687 1674 ἦν,
709 1620 759 1658 και
751 1595 875 1656 θεῖναι
896 1589 977 1698 παρά
998 1604 1060 1673 τοῖς

142 1673 286 1786 άρχουσιν
299 1672 512 1783 ὁμολογοῦντες
525 1674 705 1778 Κλεύνυμον
727 1673 802 1742 κατά
821 1673 878 1756 τήν
899 1673 974 1760 πρδς
991 1689 1059 1744 Δει-

144 1765 212 1823 νίαν
233 1757 284 1827 τὸν
294 1759 512 1844 ἐπίτροπον’
476 1767 575 1827 αυταῑν
592 1759 700 1846 ὀργήν,
721 1759 844 1866 υστερον
865 1763 897 1826 δὲ
898 1761 1059 1864 ἐπιχειρή

143 1867 236 1910 σαντα
258 1850 344 1912 λύσαι
365 1849 415 1912 καὶ
435 1847 700 1958 μεταπεμψάμενον
725 1845 778 1911 τὸν
798 1841 1031 1948 άστυνόμονα
983 1849 1031 1925 ἐξα
1032 1854 1059 1911 ί

142 1955 222 2010 φνης
241 1923 446 2035 [άποθανεῐν]·
469 1959 520 1996 και
512 1931 714 2017 ’Πολύαρχον
736 1928 816 1996 δὲ
788 1956 840 1994 τον
861 1929 984 1996 πάππον
1006 1926 1059 1996 αύ-

141 2019 218 2094 τῶν,
241 2013 423 2098 Κλεωνύμου
450 2018 481 2082 δὲ
501 2020 626 2126 πατέρα,
647 2015 828 2120 προστάξαι,
855 2017 887 2079 εἴ
902 2041 930 2078 τι
952 2012 1059 2098 πάσχοι

142 2095 336 2204 Κλεώνυμος,
364 2103 468 2165 δοῦναι
495 2098 595 2177 αύτοῖς
623 2095 658 2165 τά
684 2095 863 2198 ύπάρχοντα
901 2094 943 2162 Ἡ
959 2099 1059 2178 στάσις

140 2180 212 2266 δρος
228 2186 351 2260 διπλοῦς
364 2211 439 2248 κατα
429 2180 692 2286 ἀμφισβήτησιν·
711 2189 744 2248 οι
754 2186 808 2267 μὲν
825 2178 882 2266 γάρ
897 2179 980 2248 άλλοι
995 2193 1059 2260 ταῖς

140 2270 312 2372 γενομέναις
338 2262 409 2346 ἐξ
392 2276 485 2352 αρχῆς
511 2265 672 2377 διαθήκαις
696 2273 939 2370 διισχυρίζονται,
966 2292 996 2331 οι
989 2271 1059 2348 δέ,

140 2349 303 2434 λέγοντες“
287 2378 331 2417 οτι
348 2353 601 2454 μετεκαλέσατο
572 2379 624 2418 τον
641 2378 783 2436 αρχοντα,
805 2357 856 2416 ινα
870 2351 946 2437 λύσῃ
958 2349 1059 2432 αύτάς,

140 2445 201 2512 τοῖς
221 2446 386 2502 τελευταῖον
413 2433 494 2521 παρά
515 2444 569 2503 τού
590 2437 768 2519 Κλεωνύμου
788 2438 966 2521 γενομένοις.

172 2561 286 2654 Πολλὴ
310 2565 372 2653 μὲν
394 2559 416 2652 ἡ
438 2563 602 2653 μεταβολή
623 2592 679 2652 μοι
697 2565 854 2654 γέγονεν,
880 2589 906 2630 ω
895 2551 1056 2650 ἄνδρες,

93 2662 353 2752 τελευτήσαντος
366 2664 579 2754 Κλεωνύμου.
610 2668 735 2744 ἐκεῖνος
752 2661 814 2754 γάρ
827 2665 891 2748 ζιδν
903 2663 964 2751 μὲν
976 2658 1056 2752 ἡμῖν

94 2765 250 2834 κατέλιπε
261 2762 323 2854 τὴν
340 2762 475 2852 ούσίον,
494 2762 676 2836 άποθανιδν
695 2767 732 2835 δὲ
749 2761 962 2835 κινδυνεύειν
978 2765 1054 2853 περὶ

96 2859 198 2952 αὐτῆς
216 2874 382 2954 πεποίηκε.
419 2869 475 2936 καὶ
491 2865 563 2937 τότε
585 2867 647 2954 μὲν
664 2864 768 2946 οὕτως
785 2861 845 2936 δυ’
871 2860 977 2934 αύτού
992 2885 1056 2932 σω-

93 2961 229 3051 φρόνως
254 2965 513 3056 ἐπαιδευόμιθιι,
539 2964 606 3035 ύστ
610 2962 714 3037 ὀὐδ’
739 2963 976 3057 ἀκροασόμενοι
999 2959 1056 3035 ού·

95 3061 210 3135 δέκοτ’
228 3063 376 3187 ἤλθομεν
393 3070 447 3136 ἐπὶ
440 3065 692 3188 δικαστήριον
716 3070 781 3137 νύν
799 3061 872 3136 δὲ’
853 3062 1056 3154 αγοιυιούμε

92 3192 149 3252 μοι
173 3169 250 3257 περλ
278 3166 412 3237 πάντων
435 3163 558 3290 ήκομεν
580 3171 648 3237 τοῖν
670 3162 904 3256 ὑπαρχόντων
927 3161 969 3236 ού
993 3162 1056 3255 γάρ

92 3269 163 3336 τοῖν
180 3265 386 3390 Κλεωνύμου
411 3266 514 3356 μόνον
536 3263 801 3357 άμφισβητούσιν
816 3263 900 3336 ύλλδι
916 3268 1000 3336 κοιλ
988 3293 1056 3335 τσιν

93 3367 274 3460 πατρῴων,
309 3364 459 3456 ὀφείλειν
490 3371 543 3440 ἐπὶ
570 3367 698 3448 τούτοις
728 3371 843 3460 ἐκείνῳ
872 3364 1056 3455 φάσκοντες

92 3463 264 3559 ἀργύριον.
300 3472 356 3539 καλ
379 3475 413 3540 σι’
428 3471 489 3560 μὲν
511 3476 626 3540 οἰκεῖοι
649 3471 705 3538 καὶ
723 3473 757 3538 ολ
788 3464 1008 3554 προσήκοντες
1025 3469 1061 3536 ολ
1073 3482 1091 3530 2
