2502 3930
202 241 247 302 52·
616 233 744 285 ιεαιον
1068 233 1119 284 οε.
1137 235 1161 284 ι.

204 406 317 494 δεμιάς
341 400 454 485 αὐτοῖς
478 404 482 492 Ι
505 409 647 494 ταραχῆς
673 408 923 496 ἐγγιγνομένης,
953 401 993 475 06
1016 408 1164 494 χαλεπάς

203 502 415 588 §madeas
396 533 446 576 οτι
464 500 545 574 οὐδὲ
545 534 566 574 ν
583 503 806 596 Νικόστρατος
825 508 970 576 διέθετο
990 503 1048 576 έάν
1067 503 1160 575 δέ
1119 535 1162 595 μη

201 604 260 677 τδν
275 602 450 729 πατέρα
416 633 475 675 τον
492 600 594 675 αὐτὸν
612 605 697 676 εἶναι
713 608 818 696 φαῖσι,
836 634 895 676 του
884 607 953 676 δέ
965 604 1089 696 κλήρου
1106 633 1164 694 μη

204 696 301 776 δέν
273 735 377 795 ηττον
394 703 661 796 άμφισβητοῐσιν,
680 701 824 800 άκριβοῖς
842 717 953 777 ἴσασιν
970 702 1021 776 ὅτι
1039 714 1165 776 πλείονι

201 805 288 930 λόγῳ
308 814 414 877 εἰπεῖν
430 808 585 876 τουτουσὶ
604 802 756 893 δεήσει’
732 835 777 888 ως
793 805 1019 898 Νικόστρατος
1031 813 1166 897 Θρασυ-

167 921 185 972 6
201 905 307 998 μάχου
324 897 367 995 ἦν
383 904 405 995 ἢ
422 903 467 989 ὥς
484 901 586 977 οὐδέν
604 908 745 977 διέθετο.
781 915 829 977 ἔτι
848 908 885 978 δέ
902 908 957 977 καὶ
969 902 1166 1030 ὁμολογοῦν

201 1037 255 1089 τες
273 1006 495 1098 Θρασυμάχου
516 1005 633 1096 μέν
602 1034 687 1077 ειναι
709 1005 768 1078 τδν
790 1006 1018 1098 Νικόστρατον
1041 1003 1103 1078 οάιι
1125 1002 1168 1076 άν

203 1109 292 1198 εἶχον
315 1111 475 1197 ἐξελέγξαι
496 1103 664 1178 τούσδε
640 1137 684 1189 ως
706 1105 769 1179 οὐκ
786 1111 872 1181 εἰσὶν
889 1111 1004 1202 ἐκείνῳ
1021 1103 1167 1191 άνεψιοί

202 1207 303 1280 άλλον
333 1210 370 1279 δέ
399 1211 523 1297 πατέρα
552 1212 601 1302 τῷ
621 1213 781 1280 τεθνεῶτι
809 1207 1104 1294 κατασκευάζοντες
1127 1204 1168 1277 06

203 1307 306 1399 μόνον
323 1312 398 1399 περὶ
422 1313 489 1380 τοῖν
514 1313 686 1398 διαθηκῶν
707 1306 791 1380 άλλά
808 1313 863 1380 καὶ
880 1311 957 1404 περὶ
974 1313 1035 1379 τοῦ
1051 1311 1170 1397 γένους

202 1407 302 1499 λόγον
320 1409 569 1500 ἐμβεβλήκασιν.

169 1530 184 1579 7
280 1508 352 1583 Οὐκ
376 1515 412 1581 ἐκ
431 1510 560 1582 τούτων
588 1513 626 1582 δὲ
648 1509 751 1600 μόνον
772 1506 900 1600 γνοίητ’
931 1504 974 1580 άν
996 1505 1045 1579 ὅτι
1074 1505 1169 1578 άλλοι

202 1615 290 1694 τινές
315 1619 400 1682 εἰσιν
423 1616 457 1681 oc
476 1615 581 1682 ταῦτα
604 1613 657 1682 ἐπὶ
681 1613 834 1681 τουτουσὶ
865 1608 1058 1699 ἐπάγοντες,
1088 1605 1173 1680 άλλά

203 1715 260 1782 κοιλ
290 1715 325 1782 έκ
348 1715 415 1782 τοῖν
443 1708 515 1781 κατ’
548 1707 650 1802 άρχάς
670 1715 908 1802 γεγενημένων.
953 1719 1003 1791 τίς
1024 1707 1088 1802 γάρ
1110 1707 1173 1781 οὐκ

203 1808 412 1903 άπεκείρατο,
432 1809 546 1900 ἐπειδὴ
557 1809 602 1881 τοδ
617 1809 679 1882 δύο
690 1811 839 1882 ταλάντο)
854 1815 885 1895 ἐξ
901 1808 995 1900 ’Amic
1012 1808 1172 1900 ἦλθετον;

203 1908 225 2001 ἦ
246 1920 296 1995 τίς
320 1910 361 1983 06
379 1910 629 2036 γέλαυλμάτιον
649 1911 828 2002 ἐφόρησεν,
853 1909 897 1994 οδς
922 1910 977 1982 διά
993 1910 1030 1984 τδ
1047 1915 1174 1993 πένθος

203 2012 459 2104 κληρονομήσων
486 2015 560 2101 τῆς
556 2008 704 2098 οάσέας;
735 2008 756 2102 ἦ
785 2013 881 2084 πόσοι
916 2029 1088 2102 συγγενεῖς
1118 2015 1175 2082 καὶ

204 2117 289 2194 υέεῑς
312 2111 395 2184 κατά
418 2112 511 2185 δόσιν
538 2112 819 2238 προσεποιήσαντο
841 2118 909 2185 τῶν
927 2112 1174 2204 Νικοστράτου;

170 2236 187 2288 8
203 2217 423 2305 Δημοσθένης
434 2217 496 2306 μέν
507 2244 545 2339 γε
557 2211 759 2338 ἀδελφιδοῦς
771 2222 834 2304 ἔφη
847 2189 936 2308 αδτρι
925 2214 1045 2305 ἐέναι,
1059 2212 1175 2302 ἐπειδὴ

207 2312 477 2436 δ’έξηλέγχθη
457 2314 523 2386 υπδ
539 2314 683 2404 τούτων,
706 2311 844 2403 άπέστη
868 2313 1072 2404 λη’λεφοςδὲ
1098 2317 1176 2384 606-

204 2445 261 2486 ναι
279 2412 369 2508 αὖτῳ
358 2415 616 2506 Νικόστρατον
634 2412 763 2486 ἅπαντα
780 2414 820 2485 τά
839 2419 968 2486 εαυτοά
1004 2404 1120 2485 καὶ
1078 2443 1177 2538 ουτος

205 2512 245 2586 06
263 2521 376 2610 πολλῳ
390 2513 530 2608 ὕστερον
548 2515 721 2587 έιιαάσατο.
746 2513 1046 2607 Ἀμεινιάδηςυ
971 2516 1009 2585 δέ
1022 2512 1099 2586 υλδν
1116 2511 1177 2583 αὕ-
1239 2507 1240 2515 ¹

205 2621 253 2712 τῷ
274 2615 355 2708 πρδς
377 2615 434 2688 τδν
459 2614 601 2709 ἄρχοντα
622 2606 703 2706 ἧκεν
726 2614 817 2707 άγων
846 2615 929 2688 οάδε
949 2619 1061 2708 τριετῆ
1081 2643 1177 2704 γεγο-

204 2717 295 2807 νότα,
315 2721 370 2788 καὶ
387 2714 480 2788 ταῦτ’
500 2715 562 2789 οὐκ
581 2717 855 2842 ἐπιδεδημηκότος
872 2747 931 2788 του
921 2715 1178 2808 Νικοστράτου
1238 2753 1239 2794 ι

171 2821 325 2893 υὲνδειια
349 2814 461 2888 έτοῖν’
455 2817 619 2908 Αθήνησι.
661 2818 797 2910 Πάρρος
828 2814 898 2888 6‘
883 2847 900 2888 ο
918 2815 1118 2909 Λνμπτρεάς
1136 2820 1180 2906 τῇ

205 2918 267 3007 μέν
282 2913 408 3011 Ἀθηνᾷ
425 2926 488 3008 ἔφη
506 2918 546 2990 τά
563 2919 712 3010 χρήματα
728 2916 795 2990 άπδ
814 2918 1045 3010 Νικοστράτου
1062 2931 1179 2989 καθιε-

206 3021 352 3109 ρῶσθαι,
373 3014 466 3112 αὐτῷ
483 3016 515 3089 δ’
539 3015 601 3090 ὑπ’
621 3017 728 3091 αὐτοῦ
752 3025 882 3090 ἐκείνου
901 3013 1071 3091 δεδόσθαι.
1090 3027 1180 3105 Κτη-
1237 3027 1238 3079 λ

206 3125 280 3199 σίας
317 3116 348 3187 δ’
378 3115 396 3189 ὁ
425 3118 588 3208 Βησοιιεδς
622 3124 677 3199 καὶ
705 3117 859 3212 Κραναδς
889 3118 925 3191 τδ
954 3121 1016 3210 μέν
1044 3123 1182 3210 πρῶτον
1236 3203 1237 3206 ¹

208 3223 305 3306 δίκην
322 3225 451 3309 ἔφασαν
462 3225 524 3292 τοῦ
534 3219 764 3312 Νικοστράτου
776 3221 939 3293 ταλάντου
961 3217 1183 3291 καταδεδικά-

206 3330 303 3408 σθαι,
328 3319 442 3445 ἐπειδὴ
467 3317 499 3391 δ’
522 3319 585 3392 οὐκ
603 3320 693 3411 εἶχον
709 3327 806 3394 τοῦτο
824 3320 1012 3410 ἀποδεῖξαι,
1038 3317 1185 3390 άπελεύ-

203 3431 308 3542 θερον
333 3418 436 3493 αάτδν
461 3425 590 3494 εαυτοὶν
607 3423 890 3512 προσεποιήσνντο
908 3423 1007 3494 εἶναι
1026 3424 1082 3492 καλ
1099 3417 1184 3492 οὐδ’

155 3535 187 3590 10
203 3509 295 3592 οὗτοι
320 3519 340 3592 6
334 3521 473 3611 ἔλεγον
490 3519 673 3607 άτιέδειξαν.
715 3528 771 3595 καὶ
788 3529 821 3595 ολ
836 3527 898 3616 μέν
916 3520 1021 3605 εάθδς
1039 3520 1125 3593 κατά
1144 3520 1189 3592 τά
