2502 3930
111 195 138 245 p.
156 177 199 232 48.
246 131 363 230 1ΠΕΡΙ
380 174 456 228 ΤΟΤ
473 172 735 228 ΝῙΚΟΣΤΡΑΤΟΤ
752 174 915 226 ΚΛΗΡΟΤ.
951 237 954 244 .
1033 181 1075 242 55

112 375 166 429 τες
183 343 450 470 ὁμολογουμένως
461 329 677 438 Νικοστράτῳ
690 342 895 433 ἕπιτήδειοι”
876 371 969 426 οντες
982 345 1075 434 ἐτάγ-

110 477 232 538 χανον,
256 476 292 518 το
282 445 392 568 μὲν
397 443 512 568 άκριβδ
514 475 529 526 ς
551 442 628 517 οὐδ’
651 439 752 516 δι”
710 474 830 534 ουτως,
853 443 940 534 ὅμως
963 447 1076 535 μέντοι

110 553 238 638 μάλλον
260 545 347 628 είκός
369 537 413 635 ἦν
434 543 571 635 ἀληθεῖς
590 545 675 616 εἶναι
694 542 856 629 δόξειν
819 573 877 626 τας
895 542 1074 634 διαθηκας·

111 649 177 738 ἤδη
207 647 271 738 γάρ
295 673 383 728 τινες
407 643 470 717 οὐκ
496 637 536 716 a}
562 653 762 736 διακείμενοι
786 661 856 727 τοῖς
880 648 1077 735 συγγενέσιν

108 746 268 830 όθνείους
285 756 404 838 φίλους
421 751 488 818 ταῖν
505 745 594 818 πάνυ
606 746 738 837 σφόδρα
748 744 982 837 προσηκόντων
999 747 1076 836 περί

112 857 264 930 πλείονος
296 846 503 936 ἐποιήσαντο
534 851 600 918 νῦν
627 845 729 917 δδ”
687 875 765 917 αντε
792 854 967 928 συσσίτους
999 844 1077 916 οὕτε

109 957 231 1038 φίλους
253 945 324 1020 οὔτ’
349 951 386 1018 ἐν
406 945 494 1030 τάξει
510 951 552 1038 τῇ
569 943 661 1036 αὕτη.
695 946 823 1018 τούτων
847 944 880 1016 δ’
898 943 980 1038 ὑμῖν
996 944 1076 1037 μάρ-

110 1077 214 1141 τυρας
244 1044 401 1119 ἁπάντων
425 1047 669 1139 παρεσχήμεθα.
714 1043 733 1117 δ
759 1049 797 1119 δὲ
822 1049 993 1137 μέγιστον,
1020 1049 1076 1118 καὶ
1094 1068 1129 1123 19

112 1149 252 1240 μάλιστα
268 1153 327 1238 τῆς
338 1145 510 1239 Χαριάδου
522 1145 691 1228 ἀναιδείας
703 1164 961 1239 καταμαρτυρεῖ,
979 1149 1076 1230 τοῦτο

111 1253 292 1333 σκέψασθε.
344 1245 429 1319 ὅπου
453 1245 517 1339 γάρ
541 1246 599 1319 τόν
625 1243 727 1320 αὐτόν
751 1247 973 1338 ποιησάμενον
1003 1244 1073 1318 οὔτ’
1160 1325 1162 1329 ,

109 1345 327 1420 ἀποθανόντα
351 1345 500 1419 ἀνείλετο
525 1345 597 1419 οὔτ’
624 1356 765 1419 ἔκαυσεν
789 1345 867 1420 οὔτε
893 1345 1076 1435 άστολόγη·

111 1469 187 1538 σευ,
206 1445 288 1522 ἀλλά
304 1447 412 1519 πάντα
422 1464 490 1530 τοῖς
501 1450 606 1539 μηδὲν
622 1447 823 1539 προσήκουσι
840 1452 968 1538 παρῆκε
983 1452 1076 1535 ποιῆ-

109 1569 184 1637 σαι,
211 1553 281 1631 ποὶς
306 1545 368 1619 οὐκ
394 1544 437 1618 ἀν
454 1545 670 1629 ἀνοσιώτατος
697 1559 765 1638 εἴη,
791 1546 828 1630 ὃς
852 1554 901 1642 τῷ
916 1549 1076 1620 τεθνεῶτι

112 1651 218 1738 μηδὲν
239 1651 307 1720 τοῖν
328 1652 549 1738 νομιζομένων
570 1648 708 1738 ποιήσας
730 1652 799 1720 τοῖν
820 1647 995 1742 χρημάτων
1017 1645 1076 1728 αό-

108 1752 173 1819 τοῦ
195 1759 411 1841 κληρονομεῖν
432 1746 533 1835 ἀξιοϊ;
557 1746 641 1820 ἀλλά
661 1748 703 1837 νὴ
727 1757 796 1820 Δία
819 1747 933 1838 ἐπειδὴ
949 1747 1077 1820 τούτων
1093 1769 1129 1822 κο

110 1845 215 1919 οὐδὲν
239 1853 388 1938 ἐποίησε,
411 1847 473 1937 τὴν
495 1847 614 1920 οάσίαυ
635 1854 696 1920 τοῦ
712 1848 940 1938 Νικοστράτου
959 1856 1076 1938 διεχεί-

112 1969 224 2037 ρισεν;
255 1946 338 2020 ἀλλά
365 1952 421 2020 καὶ
444 1953 547 2022 ταῦτα
570 1949 814 2043 μεμαρτύρηται
835 1945 935 2040 ὑμῖν,
959 1952 1014 2018 καὶ
1037 1947 1077 2018 τά

112 2058 250 2119 πλεῖστα
276 2046 352 2120 οὐδ’
380 2046 479 2131 αάτός
504 2047 660 2141 ἀρνεῖται.
700 2048 881 2141 προφάσεις
908 2052 945 2119 δὲ
966 2059 1077 2138 οίομαι

109 2145 295 2236 ἀναγκαίας
321 2147 374 2238 ἐφ’
400 2148 550 2232 ἑκάσταις
574 2179 643 2222 των
665 2151 815 2274 πράξεων
841 2146 1018 2241 εὑρῆσθαι
1043 2156 1080 2218 τί

112 2246 177 2339 γάρ
193 2245 407 2320 νπολείπεται
422 2279 469 2372 τςο
457 2250 672 2342 διαρρηδηυ
688 2246 919 2341 όμολογοάντις

188 2354 315 2438 Σαφως
338 2342 467 2438 μὲν
425 2379 488 2422 ουν
513 2362 599 2441 ίστε,
627 2343 655 2422 ὦ
679 2349 862 2443 ἀνδρες,”
842 2380 892 2423 οτι
918 2377 1009 2422 ουτοι
1034 2345 1075 2419 ου’
1093 2377 1127 2429 21

112 2455 250 2531 δικαίως
271 2455 339 2520 των
356 2450 583 2542 Νικοστράτου
606 2456 770 2542 ἐφίενται,
792 2448 875 2523 ἀλλά
898 2449 1076 2539 βυάλονται

109 2551 175 2639 μὲν
195 2545 281 2640 υμάς
303 2551 518 2641 ἐξαπατησαι,
545 2556 699 2624 τουτουσὶ
724 2554 761 2623 δὲ
783 2567 955 2642 συγγενεῖς
978 2547 1076 2629 όυτας

113 2654 259 2740 ἐκείνου,
278 2647 351 2722 ἀοι·
364 2650 459 2742 νόμοι
477 2659 598 2725 ἔδοσαν
615 2651 743 2742 αὐτοῖς,
767 2650 997 2743 ἀποστερῆσαι.
1035 2645 1076 2720 οά

111 2748 216 2837 μόνον
235 2753 272 2820 δὲ
288 2752 457 2843 Χαριάδης
473 2757 570 2825 τοάτο
591 2763 787 2846 πεποίηκεν,
811 2749 966 2830 ἀλλὰκαὶ
983 2748 1077 2820 ἀλλοι

109 2847 301 2939 πολλολῆδη
316 2854 384 2923 τάν
401 2857 438 2924 ἐν
453 2858 496 2944 τῇ
510 2851 673 2948 ὑπερορίᾳ
688 2849 978 2942 ἀποθνησκόντων
994 2846 1079 2922 οὐδὲ

111 2949 351 3038 γιγνώσκοντες
363 2958 539 3044 ἐνίουςτῆς
555 2953 671 3038 οὐσίας
688 2952 958 3044 ἠμφισβήτησαν·
978 2955 1078 3022 ἐνθυ-
1095 2969 1130 3019 22

111 3054 253 3140 μοῦντοιι
269 3050 332 3144 γάρ
348 3051 398 3125 ότι
415 3055 645 3146 κατορθτόσασι
667 3051 782 3146 μὲν
745 3083 786 3125 τα
806 3050 961 3143 ἀλλότρια
979 3058 1078 3141 ἔχειν,

115 3156 331 3241 διαμαρτοάσι
349 3156 387 3225 δὲ
403 3153 516 3248 μικρός
533 3185 552 3226 ο
540 3152 741 3236 Μκίνδυνος
763 3169 943 3245 μαρτυρεῖν
967 3153 1005 3222 δὲ
1022 3152 1078 3221 καὶ

111 3250 154 3322 τά
175 3256 285 3340 φενδη
306 3282 394 3336 τινες
417 3259 606 3346 ἐθέλουσιν,
634 3262 669 3327 οί
690 3251 722 3326 δ’
747 3262 872 3344 ἔλεγχοι
894 3244 1012 3344 περὶ’
993 3279 1078 3340 αφα-

111 3356 191 3422 υτόν.
227 3353 401 3426 συνελόντι
414 3353 499 3427 πολι)
515 3384 552 3426 το
541 3354 731 3448 διαφέρω
746 3379 830 3426 κατα
817 3347 979 3441 γένος’1
958 3381 979 3440 η
996 3347 1080 3422 κατὰ

97 3451 211 3524 δόσιν
232 3450 460 3545 ἀμφισβητεῖν
496 3452 608 3526 ἀλλ’
587 3459 672 3546 υμάς
689 3483 768 3547 χρη,
795 3483 821 3524 ω
810 3445 972 3545 ἀνδρες,
991 3477 1079 3542 πρω-
