2502 3930
436 102 815 173 enunrnrmcmrrcu
1035 131 1087 181 ru

126 295 153 350 in
175 292 272 349 seriem
291 293 436 348 verborum
457 301 593 366 tamquam
612 281 673 347 'uon
695 291 800 348 inventa
821 279 1034 363 conquereretur
1052 309 1084 349 ae

125 375 292 453 postliminio
319 377 347 432 in
367 377 482 432 medium
506 379 649 450 proferret.
688 375 721 431 lli
747 390 839 432 omnes
855 391 1014 448 quamquam
1030 393 1081 450 pro

63 453 75 464 '
125 479 174 518 sua
188 461 304 534 quisquc
318 468 396 535 parte
413 477 522 534 operam
537 460 670 522 dederunt
685 468 715 516 ut
731 457 886 517 emendatus
900 459 1022 533 prodiret
1039 477 1082 517 sa-

126 544 262 617 lebrisque
276 553 410 618 purgatus
424 543 527 607 lsacus,
551 551 638 600 tamen
655 544 773 600 nondum
789 544 826 598 ita
840 543 872 598 ad
886 559 1002 617 unguem
1019 561 1081 618 per·

125 625 235 703 politus
249 634 307 690 est.
330 637 361 684 ut
378 627 478 701 ubique
498 627 623 684 Isocratis
641 627 803 702 discipulum
818 634 846 682 et
860 627 1018 700 magistrum
1032 628 1081 685 be·

125 711 274 768 mosthenis
288 720 316 767 et
332 711 461 786 Lysianae
480 709 651 786 eloquentiae
664 711 797 768 aemulum
818 727 958 784 agnoscas.
988 711 1081 786 Neque

125 796 152 852 id
164 796 275 858 mirum.
292 811 358 851 cum
378 795 517 852 codicibus
533 813 613 852 manu
635 796 743 870 scriptis
759 811 846 870 neque
865 795 957 852 multis
973 803 1081 852 utamur

125 896 213 954 neque
241 878 329 935 bonis.
369 877 460 935 Nihilo
485 880 574 936 secius
601 879 643 935 rel
667 897 698 936 ex
723 895 817 935 eorum
841 879 961 952 vestigiis
984 881 1081 938 emicat

125 963 227 1020 Isaeum
248 979 316 1036 pure
329 963 484 1025 emendate,
506 962 644 1037 eleganter
660 972 788 1026 venuste,
803 964 919 1038 denique
937 965 1023 1020 Attice
1038 962 1080 1020 lo-

123 1055 217 1103 cutum
231 1063 300 1102 esse.

207 1125 300 1203 Itaque
316 1130 339 1186 si
354 1130 471 1206 primum
485 1131 519 1187 de
536 1132 661 1188 formis
676 1130 869 1188 vocabulorum
885 1132 1001 1204 quaeris,
1015 1149 1080 1188 con-

124 1219 282 1270 sentaneum
302 1222 344 1270 est
366 1231 421 1270 non
447 1215 512 1271 alias
538 1233 599 1272 eum
616 1215 667 1272 sibi
690 1215 858 1289 usurpandas
875 1216 1012 1289 putavisse
1026 1217 1080 1272 uisi

126 1314 193 1372 quae
213 1297 331 1354 Atticum
345 1299 458 1354 manime
480 1299 608 1357 decerent
623 1317 710 1373 neque
727 1300 840 1356 enodem
854 1299 907 1355 hoc
921 1298 1002 1355 illove
1017 1298 1079 1358 loco

126 1391 259 1455 tamquam
275 1383 317 1437 sui
336 1381 451 1438 oblitum
464 1383 492 1437 in
511 1400 540 1438 se
559 1383 697 1440 admisisse
714 1391 746 1439 ut
761 1382 859 1440 talibus
875 1390 998 1439 uteretur
1011 1401 1079 1457 quae

124 1465 205 1538 longe
229 1465 362 1532 distarent
387 1466 420 1522 ab
440 1484 492 1522 usu
506 1468 659 1524 Atticorum
680 1477 707 1524 et
732 1467 935 1524 cousuetudine.
972 1467 1010 1524 Ex
1024 1485 1078 1542 quo

123 1566 223 1623 genere
238 1558 303 1606 sunt
315 1548 361 1605 illa
376 1542 572 1606 καθιστάνειν
584 1547 633 1626 (or,
648 1558 673 1609 2.
689 1552 706 1623 S
721 1558 762 1611 29.
781 1550 874 1607 Cobeti
889 1558 957 1606 orat.
973 1552 1005 1607 de
1021 1560 1079 1608 arte

124 1635 237 1707 interpr.
259 1651 288 1708 p.
314 1640 362 1696 92,
381 1651 433 1690 uos
448 1634 476 1690 in
489 1635 603 1708 praelat.
618 1636 651 1691 ad
665 1634 770 1709 Lysiam
785 1653 813 1708 p.
829 1633 885 1707 vt),
903 1621 1005 1702 οὐθείς
1024 1653 1077 1708 μη-

124 1713 190 1784 θείς
216 1711 380 1792 μηθέτερον
400 1716 587 1790 (Schoemann.
609 1720 642 1775 ad
668 1735 708 1776 or.
732 1723 757 1782 7,
778 1719 796 1790 S
816 1716 882 1793 ab),
908 1716 1079 1791 ψηφίσεσθε

123 1800 175 1874 (or.
200 1809 225 1858 l.
247 1803 266 1873 S
287 1800 347 1874 51).
370 1791 514 1876 ἐφόρεσαν
535 1801 586 1876 (or.
605 1809 631 1861 4.
655 1801 740 1875 St).
761 1791 880 1870 ὅξαντες
901 1819 941 1859 or.
957 1810 982 1861 4.
1000 1803 1018 1875 S
1037 1809 1078 1868 Io,

124 1885 176 1941 alia
190 1884 249 1940 cius
263 1885 349 1948 modi,
364 1903 432 1960 quae
446 1903 524 1943 nemo
537 1886 616 1943 facile
637 1887 689 1943 erit
703 1886 785 1944 hodie
801 1887 866 1960 quin
881 1887 1079 1946 condemnanda

122 1985 184 2025 esse
203 1968 316 2030 iudicet,
331 1969 384 2026 nisi
401 1970 447 2044 qui
463 1971 567 2043 quidvis
579 1972 714 2044 patienter
731 1971 797 2026 ferri
814 1969 912 2026 debere
926 1971 1079 2045 praefracte

120 2051 307 2115 contenderit,
336 2052 408 2127 quod
433 2053 537 2109 librarii
564 2062 610 2111 aut
637 2071 670 2111 ex
698 2053 834 2124 inferioris
860 2055 955 2110 aetatis
978 2063 1024 2111 aut
1046 2073 1079 2112 ex

122 2135 236 2192 aliarum
255 2135 390 2208 gentium,
412 2137 524 2193 manime
544 2135 728 2199 Macedonum,
752 2137 887 2194 scribendi
907 2155 988 2212 prava
1013 2157 1079 2195 con-

121 2219 266 2284 suetudine
288 2227 335 2276 aut
358 2221 491 2277 etiamen
513 2222 554 2277 sui
577 2223 699 2294 ipsomm
722 2222 851 2296 temporis
872 2221 1037 2278 obscuritate
1051 2232 1078 2278 et

121 2303 246 2359 barbarie
260 2303 288 2358 in
304 2305 465 2378 scriptorem
477 2321 555 2360 suum
569 2305 693 2361 invehere
709 2321 764 2360 non
777 2304 975 2362 dubitaverunt.
1002 2305 1023 2360 E
1038 2313 1078 2363 ta-

120 2386 194 2444 libus
213 2387 298 2460 igitur
322 2389 448 2445 sordibus
470 2406 485 2444 a
505 2389 602 2444 scribis
624 2388 722 2445 oblatis
742 2396 770 2444 et
789 2387 902 2444 fidenter
920 2392 1077 2463 propagatis
1175 2374 1180 2383 ’

118 2488 183 2528 cum
196 2472 339 2528 manifesto
354 2479 467 2546 apparet
484 2489 563 2545 quam
583 2481 707 2546 suspecta
722 2473 758 2528 sit
772 2479 853 2544 atque
874 2471 978 2528 infirma
992 2473 1077 2530 libro·

121 2571 182 2611 rum
202 2572 282 2611 manu
298 2555 462 2629 scriptorum
481 2557 509 2611 iu
525 2556 568 2612 his
582 2556 663 2612 rebus
677 2555 758 2619 fides,
776 2564 833 2612 tum
850 2556 1004 2613 coniectura
1018 2557 1077 2613 fieri

122 2638 201 2694 facile
215 2646 307 2713 potest
324 2639 387 2712 quid
405 2641 441 2695 sit
455 2636 487 2696 de
502 2643 599 2697 ceteris
614 2639 710 2696 formis
723 2639 887 2702 babendum,
903 2657 969 2712 quas
983 2641 1007 2696 si
1021 2658 1076 2698 uon

120 2721 249 2778 barbaras
269 2730 399 2780 attamen
416 2741 449 2781 ne
463 2724 535 2797 ipsas
553 2725 660 2798 quidem
675 2723 714 2780 ab'
726 2723 822 2779 Atticis
837 2723 964 2797 usurpari
982 2723 1077 2790 solitas

121 2821 185 2861 esse
198 2804 240 2860 vel
255 2814 375 2864 veterum
394 2808 630 2881 grammaticorum
646 2809 754 2866 decreta
768 2807 907 2876 declarant
919 2807 970 2870 vel,
990 2808 1076 2881 siquis

121 2888 196 2944 forte
215 2888 257 2947 his
278 2906 332 2947 non
348 2899 452 2948 tantum
472 2890 589 2955 tribuat,
612 2900 644 2948 ut
657 2907 851 2966 usquequaque
869 2906 916 2947 eos
929 2891 1076 2948 audiendos

119 2988 184 3028 esse
205 2972 352 3037 existimet,
376 2984 467 3049 aperte
489 2975 588 3031 docent
614 2976 720 3033 codices
745 2974 948 3036 emendatiores,
971 2975 1075 3048 qualem

119 3055 277 3112 Urbinatem
292 3058 416 3114 lsocratis
430 3067 457 3115 et
471 3075 567 3132 magna
584 3067 657 3116 certe
678 3076 710 3115 ex
728 3066 805 3133 parte
820 3058 972 3115 Parisinum
986 3059 1017 3112 Σ
1026 3058 1075 3114 lte·

118 3139 272 3196 mostbeuis
294 3157 354 3198 esse
368 3151 489 3206 constat,
509 3143 543 3199 de
557 3143 635 3200 cuius
650 3143 758 3216 quidem
774 3143 934 3198 auctoritate
949 3160 1009 3198 cum
1027 3143 1075 3198 ali·

120 3223 248 3297 quamdiu
273 3226 438 3283 consedisset
462 3227 615 3289 contentio,
642 3243 730 3301 nuper
755 3225 938 3283 vehementius
967 3226 1074 3282 exarsit.

120 3305 190 3362 lsaei
210 3307 317 3380 quidem
335 3309 400 3365 libri
422 3309 541 3384 quamvis
561 3311 670 3368 minime
689 3311 764 3384 digni
786 3308 831 3382 qui
851 3325 912 3365 com
932 3310 988 3366 illis
1005 3325 1074 3382 quos

119 3388 177 3445 dixi
201 3401 405 3465 comparentur,
429 3401 518 3450 tamen
533 3402 560 3450 et
577 3395 629 3468 ipsi
648 3412 709 3450 eum
723 3391 886 3467 aliquotiens
899 3393 1025 3454 Atticum,
1043 3398 1074 3447 ut
