2502 3930
94 153 126 203 p„
140 135 182 188 ετ.
264 136 355 188 nm
372 135 448 188 τον
466 135 703 187 mmmm
721 135 885 188 KAHPOT.
1017 145 1055 205 11

467 305 677 356 ΜΑΡΤΤΡΕΣ.

157 407 230 480 Ἔτι
246 417 362 481 τοίνυν
381 404 425 490 τός
442 415 478 480 οί
493 407 620 481 τούτων
637 417 729 498 φίλοι
746 411 801 480 καί
818 415 1057 499 Κηφίσανδρος

90 503 208 598 ἠξίουν
234 518 416 601 νείμασθαι
442 508 506 600 τήν
533 508 653 582 ου’σίαυ
682 513 738 580 καὶ
760 508 797 581 τό
823 519 936 600 τρίτον
958 513 1056 603 μέρος

90 607 176 701 ήμοῖς
194 619 282 702 ἔχειν
299 607 535 683 ἁπάντωντῶν
547 611 770 701 Κλεωνύμου,
789 609 983 682 καὶτούτων
999 638 1054 701 μοι

90 711 183 783 πόλει
206 717 211 802 λ
234 711 411 803 μάρτυρας.

466 878 676 929 ΜΑΡΤΤΡΕΣ.

161 1013 323 1108 Ἡγοόμαι
347 1020 408 1109 μὲν
431 1028 564 1106 τοίνυν,
589 1010 616 1088 ὦ
638 1017 776 1108 ἄνδρες,
800 1021 879 1088 πᾶσι
902 1035 970 1099 τοῖς
986 1023 1055 1090 τοῖν
1073 1039 1104 1090 17

88 1116 224 1209 κλήρων
232 1116 517 1211 ἀμφισβητοῦσιν,
534 1118 615 1191 ὅταν
626 1116 822 1210 ἀποφήνωσι
834 1122 920 1209 σφοῖς
932 1114 1053 1202 αότοός

88 1217 202 1313 ὥσπερ
230 1216 325 1312 ήμεῖς
348 1225 404 1291 καὶ
426 1226 474 1315 τῷ
493 1225 583 1311 γένει
607 1224 787 1312 προτέρους
814 1218 912 1301 όντας
935 1223 990 1290 καί
1012 1225 1055 1311 τῇ

88 1329 186 1415 φιλία
215 1327 257 1413 τῇ
284 1321 366 1414 πρός
388 1319 447 1393 τόν
468 1321 737 1410 τετελευτηκότα,
766 1330 942 1412 περίεργον
967 1321 1053 1392 εἶναι

88 1420 167 1504 τούς
185 1421 304 1505 ἄλλους
329 1423 448 1512 λόγους
467 1428 591 1513 λέγειν·
618 1421 732 1512 ἐπειδή
757 1423 794 1492 δέ
811 1421 939 1492 τούτων
956 1419 1052 1492 οὐδέ-

88 1552 186 1615 τερον
215 1532 342 1614 ἔχοντες
370 1515 461 1596 οὖτοι
488 1529 630 1615 τολμιόσι
660 1527 727 1594 τόν
753 1520 794 1594 οό
819 1522 1053 1614 προσηκόντων

88 1621 311 1715 ἀμφισβητεῖν
339 1629 394 1697 καί
425 1633 561 1710 ψευδεῖς
590 1623 892 1716 παρασκευάζονται
922 1623 1052 1715 λόγους,

86 1725 251 1814 βούλομαι
281 1731 404 1818 βραχέα
438 1731 493 1799 καὶ
528 1729 605 1818 περὶ
634 1725 763 1797 τούτων
791 1722 905 1796 αὐτῶν
935 1733 1050 1797 είπεῖν.

87 1835 311 1918 ἰσχυρίζονται
328 1826 391 1919 γὰρ
409 1846 480 1911 ταῖς
500 1827 691 1917 διαθήκαις,
710 1831 862 1916 λέγοντες
880 1821 924 1907 τός
941 1825 1052 1896 Κλεοί-
1072 1850 1104 1901 18

85 1955 192 2019 νυμος
209 1932 430 2019 μετεπέμπετο
453 1927 514 2018 τήν
536 1926 641 2020 ἆρχήν
665 1924 705 1999 οὐ
729 1931 827 1998 λόσαι
852 1925 1052 2018 βουλόμενος

88 2025 191 2111 αὐτὰς
214 2025 287 2100 ἄλλ’
316 2035 547 2122 ἐπανορθῶσαι
570 2033 625 2101 καί
650 2033 831 2117 βεβαιῶσαι
854 2037 970 2118 σφίσιν
993 2025 1051 2098 αό-

21 2215 28 2225 1
84 2147 156 2212 τοῖς
174 2127 235 2220 τήν
254 2130 392 2221 δωρεάν.
428 2127 523 2223 ὑμεῖς
543 2133 579 2202 δὲ
601 2142 782 2201 σκοπεῖσθε
805 2127 863 2210 τοὶς
887 2127 1052 2218 διαθήκας

83 2229 144 2312 τοὶς
161 2228 233 2321 μετ’
252 2227 352 2322 όργής
377 2236 558 2322 γενομένας
580 2231 704 2322 πότερα
728 2228 814 2312 είκός
840 2234 908 2301 ἐστι
932 2238 1051 2319 βουλη-

82 2337 191 2421 θήναι
203 2332 407 2423 Κλεώνυμον
424 2330 574 2423 ἀνελεῖν,
595 2331 708 2420 ἐπειδή
726 2330 807 2423 πρός
820 2326 904 2421 ἡμᾶς
920 2339 1051 2412 οίκείως

84 2441 201 2524 ἔσχεν,
219 2430 241 2524 ή
258 2452 396 2505 σκοπεῖν
412 2432 501 2516 ὅπως
519 2443 566 2506 ἔτι
584 2433 797 2523 βεβαιότερον
813 2427 898 2522 ήμιῖς
915 2430 1050 2503 ἀποστε-

83 2534 181 2623 ρήσει
198 2539 265 2606 ττόν
283 2531 397 2606 αὑτοῦ.
438 2553 506 2617 τοῖς
529 2537 590 2626 μέν
612 2532 676 2625 γόιρ
694 2533 805 2618 ἄλλοις
821 2530 986 2604 κάκείνων
1003 2524 1052 2604 οἶν
1070 2558 1103 2610 19

82 2632 130 2706 ἄν
159 2632 370 2727 ὀργισθέντες
399 2634 477 2718 τούς
505 2645 648 2718 οίκείονς
678 2633 882 2723 ἀδικήσωσιν
909 2632 1051 2725 ὕστερον

82 2741 272 2828 μεταμέλει·
290 2729 381 2810 οὗτοι
401 2738 438 2808 δέ
451 2742 578 2809 ἐκεῖνον
590 2735 853 2825 ἀποφαίνουσιν,
873 2739 909 2806 έν
927 2725 955 2829 ᾦ
970 2733 1051 2827 πρός

80 2833 170 2928 ἡμᾶς
187 2839 371 2910 οἰκειότατα
397 2842 552 2928 διέκειτο,
575 2843 701 2928 μᾶλλον
718 2841 878 2926 βεβαιοῦν
894 2834 956 2925 τήν
980 2843 1050 2907 δια-

81 2940 197 3030 θήκην
214 2939 435 3030 βουλόμενον,
458 2936 501 3029 ἣν
518 2935 933 3031 όργιζόμευοςιέποιήσατο.
969 2935 1049 3008 ὥστ’

83 3049 117 3112 εί
133 3044 189 3111 καὶ
206 3036 300 3131 ήμεῖς
317 3036 562 3132 ὁμολογήσομεν
579 3045 683 3111 ταῦτα
700 3043 756 3110 καί
773 3035 869 3129 ὑμεῖς
887 3035 981 3109 αὐτοὶ
998 3066 1050 3110 πι-

81 3141 259 3232 στεύσετε,
285 3146 489 3232 ἐνθυμεῖσθε
512 3139 562 3214 ότι
585 3141 771 3232 παράνοιαν
795 3137 901 3210 αὐτοῦ
917 3138 979 3229 τήν
995 3167 1049 3230 με·

81 3253 203 3333 γίστην
220 3235 312 3315 οότοι
331 3248 559 3334 κατηγοροῦσι.
588 3251 637 3324 τίς
654 3240 718 3332 γὰρ
729 3237 772 3312 όν
783 3243 911 3330 γένοιτο
929 3239 1050 3330 ταότης
1067 3261 1100 3312 20

80 3353 186 3434 μανία
208 3353 346 3436 μείζων,
375 3338 397 3431 ή
418 3342 491 3414 τότε
513 3345 574 3434 μέν
596 3341 652 3414 ὅτε
674 3350 795 3434 Δειυία
820 3340 977 3433 διάφορος
1002 3337 1050 3412 όν

81 3453 217 3537 ἔτυχεν,
246 3441 331 3535 ήμᾶς
349 3448 457 3524 κακῶς
480 3461 589 3515 ποιεῖν
611 3471 647 3514 τε
670 3446 725 3514 καί
751 3449 962 3514 διατίθεσθαι
985 3471 1050 3513 τοι·

394 3678 431 3716 X
