<?xml version="1.0" encoding="UTF-8"?>
<!DOCTYPE html PUBLIC "-//W3C//DTD XHTML 1.0 Transitional//EN"
    "http://www.w3.org/TR/xhtml1/DTD/xhtml1-transitional.dtd">
<html xmlns="http://www.w3.org/1999/xhtml" xml:lang="en" lang="en">
 <head>
  <title>
</title>
<meta http-equiv="Content-Type" content="text/html;charset=utf-8" />
  <meta name='ocr-system' content='tesseract 3.04.00' />
  <meta name='ocr-capabilities' content='ocr_page ocr_carea ocr_par ocr_line ocrx_word'/>
</head>
<body>
  <div class='ocr_page' id='page_1' title='image "./isaeiorationesc01isaegoog_0133.png"; bbox 0 0 2490 3914; ppageno 0'>
   <div class='ocr_carea' id='block_1_1' title="bbox 189 144 1226 249">
    <p class='ocr_par' dir='ltr' id='par_1_1' title="bbox 189 144 1226 249">
     <span class='ocr_line' id='line_1_1' title="bbox 189 144 1226 249; baseline 0 -19"><span class='ocrx_word' id='word_1_1' title='bbox 189 187 233 249; x_wconf 72' lang='lat'><strong><em>30</em></strong></span> <span class='ocrx_word' id='word_1_2' title='bbox 603 178 732 232; x_wconf 66' lang='grc' dir='ltr'><strong><em>τεκνον</em></strong></span> <span class='ocrx_word' id='word_1_3' title='bbox 1047 180 1098 233; x_wconf 66' lang='lat' dir='ltr'><strong><em>oa.</em></strong></span> <span class='ocrx_word' id='word_1_4' title='bbox 1113 182 1137 230; x_wconf 83' lang='grc' dir='ltr'><strong><em>ο.</em></strong></span> <span class='ocrx_word' id='word_1_5' title='bbox 1225 144 1226 174; x_wconf 70' lang='lat'><em>³</em></span> 
     </span>
    </p>
   </div>
   <div class='ocr_carea' id='block_1_2' title="bbox 193 344 1142 542">
    <p class='ocr_par' dir='ltr' id='par_1_2' title="bbox 193 344 1142 542">
     <span class='ocr_line' id='line_1_2' title="bbox 193 344 1140 444; baseline -0.006 -19"><span class='ocrx_word' id='word_1_6' title='bbox 193 345 273 444; x_wconf 89' lang='grc' dir='ltr'><strong><em>ήκεν</em></strong></span> <span class='ocrx_word' id='word_1_7' title='bbox 290 344 332 424; x_wconf 87' lang='grc' dir='ltr'><strong><em>οὐ</em></strong></span> <span class='ocrx_word' id='word_1_8' title='bbox 349 351 483 444; x_wconf 75' lang='grc' dir='ltr'><strong><em>ἐξώρμει</em></strong></span> <span class='ocrx_word' id='word_1_9' title='bbox 499 347 520 440; x_wconf 85' lang='grc' dir='ltr'><strong><em>ή</em></strong></span> <span class='ocrx_word' id='word_1_10' title='bbox 537 354 635 439; x_wconf 81' lang='grc' dir='ltr'><strong><em>ναύς,</em></strong></span> <span class='ocrx_word' id='word_1_11' title='bbox 663 355 718 421; x_wconf 81' lang='grc' dir='ltr'><strong><em>καὶ</em></strong></span> <span class='ocrx_word' id='word_1_12' title='bbox 734 349 863 442; x_wconf 70' lang='grc' dir='ltr'><strong><em>γράψας</em></strong></span> <span class='ocrx_word' id='word_1_13' title='bbox 887 349 1070 439; x_wconf 87' lang='grc' dir='ltr'><strong><em>διαθήκην,</em></strong></span> <span class='ocrx_word' id='word_1_14' title='bbox 1089 345 1140 440; x_wconf 76' lang='grc' dir='ltr'><strong><em>ἐφ’</em></strong></span> 
     </span>
     <span class='ocr_line' id='line_1_3' title="bbox 193 447 1142 542; baseline -0.003 -17"><span class='ocrx_word' id='word_1_15' title='bbox 193 451 243 536; x_wconf 82' lang='grc' dir='ltr'><strong><em>οἷς</em></strong></span> <span class='ocrx_word' id='word_1_16' title='bbox 270 452 421 542; x_wconf 75' lang='grc' dir='ltr'><strong><em>εἰσήγαγε</em></strong></span> <span class='ocrx_word' id='word_1_17' title='bbox 450 450 508 523; x_wconf 87' lang='grc' dir='ltr'><strong><em>τόν</em></strong></span> <span class='ocrx_word' id='word_1_18' title='bbox 533 457 652 539; x_wconf 79' lang='grc' dir='ltr'><strong><em>παῖδα,</em></strong></span> <span class='ocrx_word' id='word_1_19' title='bbox 679 460 889 522; x_wconf 86' lang='grc' dir='ltr'><strong><em>κατατίθεται</em></strong></span> <span class='ocrx_word' id='word_1_20' title='bbox 914 447 994 540; x_wconf 86' lang='grc' dir='ltr'><strong><em>μετά</em></strong></span> <span class='ocrx_word' id='word_1_21' title='bbox 1019 449 1142 522; x_wconf 78' lang='grc' dir='ltr'><strong><em>τούτων</em></strong></span> 
     </span>
    </p>
   </div>
   <div class='ocr_carea' id='block_1_3' title="bbox 143 538 1228 647">
    <p class='ocr_par' dir='ltr' id='par_1_3' title="bbox 143 538 1228 647">
     <span class='ocr_line' id='line_1_4' title="bbox 143 538 1228 647; baseline -0.002 -23"><span class='ocrx_word' id='word_1_22' title='bbox 143 571 177 624; x_wconf 81' lang='lat'><strong><em>28</em></strong></span> <span class='ocrx_word' id='word_1_23' title='bbox 194 550 282 647; x_wconf 85' lang='grc' dir='ltr'><strong><em>παρά</em></strong></span> <span class='ocrx_word' id='word_1_24' title='bbox 298 551 497 646; x_wconf 80' lang='grc' dir='ltr'><strong><em>Πνθοδοόρῳ</em></strong></span> <span class='ocrx_word' id='word_1_25' title='bbox 523 562 696 641; x_wconf 78' lang='grc' dir='ltr'><strong><em>Κηφισιεῑ,</em></strong></span> <span class='ocrx_word' id='word_1_26' title='bbox 723 550 921 644; x_wconf 76' lang='grc' dir='ltr'><strong><em>προσήκοντι</em></strong></span> <span class='ocrx_word' id='word_1_27' title='bbox 947 546 1046 644; x_wconf 78' lang='grc' dir='ltr'><strong><em>αὐτῷ.</em></strong></span> <span class='ocrx_word' id='word_1_28' title='bbox 1089 555 1141 622; x_wconf 82' lang='grc' dir='ltr'><strong><em>καὶ</em></strong></span> <span class='ocrx_word' id='word_1_29' title='bbox 1227 538 1228 622; x_wconf 44' lang='lat' dir='ltr'>s</span> 
     </span>
    </p>
   </div>
   <div class='ocr_carea' id='block_1_4' title="bbox 195 644 1143 745">
    <p class='ocr_par' dir='ltr' id='par_1_4' title="bbox 195 644 1143 745">
     <span class='ocr_line' id='line_1_5' title="bbox 195 644 1143 745; baseline -0.004 -19"><span class='ocrx_word' id='word_1_30' title='bbox 195 654 245 726; x_wconf 80' lang='grc' dir='ltr'><strong><em>ὅτι</em></strong></span> <span class='ocrx_word' id='word_1_31' title='bbox 261 657 340 745; x_wconf 88' lang='grc' dir='ltr'><strong><em>μέν,</em></strong></span> <span class='ocrx_word' id='word_1_32' title='bbox 358 644 387 723; x_wconf 68' lang='grc' dir='ltr'><strong><em>οὐ</em></strong></span> <span class='ocrx_word' id='word_1_33' title='bbox 427 649 564 744; x_wconf 74' lang='grc' dir='ltr'><strong><em>ἄνδρες,</em></strong></span> <span class='ocrx_word' id='word_1_34' title='bbox 591 648 652 742; x_wconf 81' lang='grc' dir='ltr'><strong><em>οὐχ</em></strong></span> <span class='ocrx_word' id='word_1_35' title='bbox 669 648 713 733; x_wconf 75' lang='grc' dir='ltr'><strong><em>ως</em></strong></span> <span class='ocrx_word' id='word_1_36' title='bbox 730 655 806 744; x_wconf 80' lang='grc' dir='ltr'><strong><em>περὶ</em></strong></span> <span class='ocrx_word' id='word_1_37' title='bbox 823 659 970 741; x_wconf 76' lang='grc' dir='ltr'><strong><em>γνησίων</em></strong></span> <span class='ocrx_word' id='word_1_38' title='bbox 988 659 1143 742; x_wconf 76' lang='grc' dir='ltr'><strong><em>ἔπραττεν</em></strong></span> 
     </span>
    </p>
   </div>
   <div class='ocr_carea' id='block_1_5' title="bbox 193 749 1229 844">
    <p class='ocr_par' dir='ltr' id='par_1_5' title="bbox 193 749 1229 844">
     <span class='ocr_line' id='line_1_6' title="bbox 193 749 1229 844; baseline -0.006 -16"><span class='ocrx_word' id='word_1_39' title='bbox 193 752 393 844; x_wconf 74' lang='grc' dir='ltr'><strong><em>Εὐκτήμων,</em></strong></span> <span class='ocrx_word' id='word_1_40' title='bbox 424 750 443 824; x_wconf 84' lang='grc' dir='ltr'><strong><em>δ</em></strong></span> <span class='ocrx_word' id='word_1_41' title='bbox 470 751 665 844; x_wconf 74' lang='grc' dir='ltr'><strong><em>Ἀνδροκλῆς</em></strong></span> <span class='ocrx_word' id='word_1_42' title='bbox 695 751 941 843; x_wconf 81' lang='grc' dir='ltr'><strong><em>μεμαρτύρηκε,</em></strong></span> <span class='ocrx_word' id='word_1_43' title='bbox 979 755 1036 824; x_wconf 82' lang='grc' dir='ltr'><strong><em>καλ</em></strong></span> <span class='ocrx_word' id='word_1_44' title='bbox 1068 749 1143 823; x_wconf 87' lang='grc' dir='ltr'><strong><em>αὐτο</em></strong></span> <span class='ocrx_word' id='word_1_45' title='bbox 1228 819 1229 832; x_wconf 67' lang='grc'><strong><em>,</em></strong></span> 
     </span>
    </p>
   </div>
   <div class='ocr_carea' id='block_1_6' title="bbox 194 849 1143 1046">
    <p class='ocr_par' dir='ltr' id='par_1_6' title="bbox 194 849 1143 1046">
     <span class='ocr_line' id='line_1_7' title="bbox 194 849 1143 944; baseline -0.004 -17"><span class='ocrx_word' id='word_1_46' title='bbox 194 858 290 927; x_wconf 84' lang='grc' dir='ltr'><strong><em>τούτο</em></strong></span> <span class='ocrx_word' id='word_1_47' title='bbox 316 852 431 926; x_wconf 87' lang='grc' dir='ltr'><strong><em>ίκανόν</em></strong></span> <span class='ocrx_word' id='word_1_48' title='bbox 455 852 646 944; x_wconf 87' lang='grc' dir='ltr'><strong><em>τεκμήριον·</em></strong></span> <span class='ocrx_word' id='word_1_49' title='bbox 672 869 740 934; x_wconf 79' lang='grc' dir='ltr'><strong><em>τοῖς</em></strong></span> <span class='ocrx_word' id='word_1_50' title='bbox 765 850 829 944; x_wconf 84' lang='grc' dir='ltr'><strong><em>γάρ</em></strong></span> <span class='ocrx_word' id='word_1_51' title='bbox 846 852 946 942; x_wconf 79' lang='grc' dir='ltr'><strong><em>φύσει</em></strong></span> <span class='ocrx_word' id='word_1_52' title='bbox 962 855 1071 924; x_wconf 80' lang='grc' dir='ltr'><strong><em>υἱέσιν</em></strong></span> <span class='ocrx_word' id='word_1_53' title='bbox 1088 849 1143 923; x_wconf 84' lang='grc' dir='ltr'><strong><em>αὐ-</em></strong></span> 
     </span>
     <span class='ocr_line' id='line_1_8' title="bbox 194 950 1142 1046; baseline -0.004 -18"><span class='ocrx_word' id='word_1_54' title='bbox 194 958 256 1028; x_wconf 84' lang='grc' dir='ltr'><strong><em>τού</em></strong></span> <span class='ocrx_word' id='word_1_55' title='bbox 271 951 382 1036; x_wconf 77' lang='grc' dir='ltr'><strong><em>οὐδεὶς</em></strong></span> <span class='ocrx_word' id='word_1_56' title='bbox 393 952 508 1026; x_wconf 78' lang='grc' dir='ltr'><strong><em>οὐδενὶ</em></strong></span> <span class='ocrx_word' id='word_1_57' title='bbox 527 958 562 1025; x_wconf 75' lang='grc' dir='ltr'><strong><em>έν</em></strong></span> <span class='ocrx_word' id='word_1_58' title='bbox 581 952 725 1044; x_wconf 86' lang='grc' dir='ltr'><strong><em>διαθήκη</em></strong></span> <span class='ocrx_word' id='word_1_59' title='bbox 736 952 856 1046; x_wconf 85' lang='grc' dir='ltr'><strong><em>γράφει</em></strong></span> <span class='ocrx_word' id='word_1_60' title='bbox 871 952 964 1024; x_wconf 93' lang='grc' dir='ltr'><strong><em>δόσιν</em></strong></span> <span class='ocrx_word' id='word_1_61' title='bbox 974 950 1142 1043; x_wconf 88' lang='grc' dir='ltr'><strong><em>οὐδεμίαν,</em></strong></span> 
     </span>
    </p>
   </div>
   <div class='ocr_carea' id='block_1_7' title="bbox 197 1050 1230 1150">
    <p class='ocr_par' dir='ltr' id='par_1_7' title="bbox 197 1050 1230 1150">
     <span class='ocr_line' id='line_1_9' title="bbox 197 1050 1230 1150; baseline -0.003 -23"><span class='ocrx_word' id='word_1_62' title='bbox 197 1056 279 1127; x_wconf 80' lang='grc' dir='ltr'><strong><em>διότι</em></strong></span> <span class='ocrx_word' id='word_1_63' title='bbox 296 1052 314 1126; x_wconf 86' lang='grc' dir='ltr'><strong><em>ό</em></strong></span> <span class='ocrx_word' id='word_1_64' title='bbox 331 1055 429 1145; x_wconf 89' lang='grc' dir='ltr'><strong><em>νόμος</em></strong></span> <span class='ocrx_word' id='word_1_65' title='bbox 446 1050 794 1147; x_wconf 80' lang='grc' dir='ltr'><strong><em>αὐτδςάποδίδωσιτῳ</em></strong></span> <span class='ocrx_word' id='word_1_66' title='bbox 807 1059 878 1124; x_wconf 83' lang='grc' dir='ltr'><strong><em>υίεῖ</em></strong></span> <span class='ocrx_word' id='word_1_67' title='bbox 892 1051 933 1124; x_wconf 83' lang='grc' dir='ltr'><strong><em>τά</em></strong></span> <span class='ocrx_word' id='word_1_68' title='bbox 948 1057 1010 1124; x_wconf 77' lang='grc' dir='ltr'><strong><em>τοῦ</em></strong></span> <span class='ocrx_word' id='word_1_69' title='bbox 1025 1051 1144 1144; x_wconf 87' lang='grc' dir='ltr'><strong><em>πατρός</em></strong></span> <span class='ocrx_word' id='word_1_70' title='bbox 1229 1102 1230 1150; x_wconf 62' lang='grc'><strong><em>,</em></strong></span> 
     </span>
    </p>
   </div>
   <div class='ocr_carea' id='block_1_8' title="bbox 144 1146 1146 1447">
    <p class='ocr_par' dir='ltr' id='par_1_8' title="bbox 144 1146 1146 1447">
     <span class='ocr_line' id='line_1_10' title="bbox 195 1146 1102 1247; baseline -0.003 -19"><span class='ocrx_word' id='word_1_71' title='bbox 195 1159 252 1228; x_wconf 75' lang='grc' dir='ltr'><strong><em>καὶ</em></strong></span> <span class='ocrx_word' id='word_1_72' title='bbox 268 1154 349 1227; x_wconf 70' lang='grc' dir='ltr'><strong><em>οὐδὲ</em></strong></span> <span class='ocrx_word' id='word_1_73' title='bbox 367 1160 543 1227; x_wconf 71' lang='grc' dir='ltr'><strong><em>διαθέσθαι</em></strong></span> <span class='ocrx_word' id='word_1_74' title='bbox 562 1158 600 1245; x_wconf 77' lang='grc' dir='ltr'><strong><em>ἐᾷ</em></strong></span> <span class='ocrx_word' id='word_1_75' title='bbox 614 1150 678 1247; x_wconf 81' lang='grc' dir='ltr'><strong><em>ὅτῳ</em></strong></span> <span class='ocrx_word' id='word_1_76' title='bbox 696 1149 738 1226; x_wconf 85' lang='grc' dir='ltr'><strong><em>άν</em></strong></span> <span class='ocrx_word' id='word_1_77' title='bbox 756 1146 817 1225; x_wconf 75' lang='grc' dir='ltr'><strong><em>οὐσι</em></strong></span> <span class='ocrx_word' id='word_1_78' title='bbox 832 1160 949 1234; x_wconf 76' lang='grc' dir='ltr'><strong><em>παῖδες</em></strong></span> <span class='ocrx_word' id='word_1_79' title='bbox 966 1152 1102 1243; x_wconf 90' lang='grc' dir='ltr'><strong><em>γνήσιοι.</em></strong></span> 
     </span>
     <span class='ocr_line' id='line_1_11' title="bbox 144 1251 1145 1346; baseline -0.002 -20"><span class='ocrx_word' id='word_1_80' title='bbox 144 1279 178 1333; x_wconf 78' lang='lat'><strong><em>29</em></strong></span> <span class='ocrx_word' id='word_1_81' title='bbox 269 1259 433 1346; x_wconf 74' lang='grc' dir='ltr'><strong><em>Κτιμένου</em></strong></span> <span class='ocrx_word' id='word_1_82' title='bbox 452 1258 488 1326; x_wconf 74' lang='grc' dir='ltr'><strong><em>δὲ</em></strong></span> <span class='ocrx_word' id='word_1_83' title='bbox 501 1259 562 1326; x_wconf 84' lang='grc' dir='ltr'><strong><em>τού</em></strong></span> <span class='ocrx_word' id='word_1_84' title='bbox 572 1264 794 1345; x_wconf 80' lang='grc' dir='ltr'><strong><em>γραμματείου</em></strong></span> <span class='ocrx_word' id='word_1_85' title='bbox 812 1251 931 1345; x_wconf 81' lang='grc' dir='ltr'><strong><em>σχεδόν</em></strong></span> <span class='ocrx_word' id='word_1_86' title='bbox 950 1252 1004 1325; x_wconf 82' lang='grc' dir='ltr'><strong><em>δύ’</em></strong></span> <span class='ocrx_word' id='word_1_87' title='bbox 1025 1262 1079 1344; x_wconf 83' lang='grc' dir='ltr'><strong><em>ἔτη</em></strong></span> <span class='ocrx_word' id='word_1_88' title='bbox 1091 1258 1145 1326; x_wconf 87' lang='grc' dir='ltr'><strong><em>καὶ</em></strong></span> 
     </span>
     <span class='ocr_line' id='line_1_12' title="bbox 195 1352 1146 1447; baseline -0.003 -20"><span class='ocrx_word' id='word_1_89' title='bbox 195 1361 254 1428; x_wconf 79' lang='grc' dir='ltr'>τοὺ</span> <span class='ocrx_word' id='word_1_90' title='bbox 271 1359 414 1447; x_wconf 75' lang='grc' dir='ltr'><strong><em>Χαιρέου</em></strong></span> <span class='ocrx_word' id='word_1_91' title='bbox 431 1355 715 1444; x_wconf 78' lang='grc' dir='ltr'><strong><em>τετελευτηκότος,</em></strong></span> <span class='ocrx_word' id='word_1_92' title='bbox 733 1352 1006 1437; x_wconf 77' lang='grc' dir='ltr'><strong><em>ὑποπεπτωκότες</em></strong></span> <span class='ocrx_word' id='word_1_93' title='bbox 1018 1361 1090 1426; x_wconf 84' lang='grc' dir='ltr'><strong><em>οἵδε</em></strong></span> <span class='ocrx_word' id='word_1_94' title='bbox 1105 1360 1146 1445; x_wconf 77' lang='grc' dir='ltr'><strong><em>τῇ</em></strong></span> 
     </span>
    </p>
   </div>
   <div class='ocr_carea' id='block_1_9' title="bbox 72 1451 1148 1858">
    <p class='ocr_par' dir='ltr' id='par_1_9' title="bbox 72 1451 1148 1858">
     <span class='ocr_line' id='line_1_13' title="bbox 196 1451 1147 1550; baseline -0.004 -22"><span class='ocrx_word' id='word_1_95' title='bbox 196 1454 379 1550; x_wconf 75' lang='grc' dir='ltr'><strong><em>ἀνθρώπῳ,</em></strong></span> <span class='ocrx_word' id='word_1_96' title='bbox 406 1459 461 1527; x_wconf 80' lang='grc' dir='ltr'><strong><em>καὶ</em></strong></span> <span class='ocrx_word' id='word_1_97' title='bbox 487 1453 631 1547; x_wconf 78' lang='grc' dir='ltr'><strong><em>ὁρωντες</em></strong></span> <span class='ocrx_word' id='word_1_98' title='bbox 656 1451 883 1547; x_wconf 79' lang='grc' dir='ltr'><strong><em>ἀπολλύμενον</em></strong></span> <span class='ocrx_word' id='word_1_99' title='bbox 908 1453 966 1526; x_wconf 82' lang='grc' dir='ltr'><strong><em>τόν</em></strong></span> <span class='ocrx_word' id='word_1_100' title='bbox 983 1455 1074 1526; x_wconf 75' lang='grc' dir='ltr'><strong><em>οἶκον</em></strong></span> <span class='ocrx_word' id='word_1_101' title='bbox 1092 1459 1147 1525; x_wconf 81' lang='grc' dir='ltr'><strong><em>καὶ</em></strong></span> 
     </span>
     <span class='ocr_line' id='line_1_14' title="bbox 194 1553 1146 1656; baseline -0.001 -29"><span class='ocrx_word' id='word_1_102' title='bbox 194 1555 231 1628; x_wconf 88' lang='grc' dir='ltr'><strong><em>τό</em></strong></span> <span class='ocrx_word' id='word_1_103' title='bbox 257 1562 360 1648; x_wconf 85' lang='grc' dir='ltr'><strong><em>γήρας</em></strong></span> <span class='ocrx_word' id='word_1_104' title='bbox 385 1560 441 1656; x_wconf 80' lang='grc' dir='ltr'><strong><em>γαὶ</em></strong></span> <span class='ocrx_word' id='word_1_105' title='bbox 466 1555 528 1645; x_wconf 87' lang='grc' dir='ltr'><strong><em>τήν</em></strong></span> <span class='ocrx_word' id='word_1_106' title='bbox 552 1554 668 1627; x_wconf 76' lang='grc' dir='ltr'><strong><em>ἄνοιαν</em></strong></span> <span class='ocrx_word' id='word_1_107' title='bbox 693 1560 754 1626; x_wconf 78' lang='grc' dir='ltr'><strong><em>τοῦ</em></strong></span> <span class='ocrx_word' id='word_1_108' title='bbox 769 1553 1000 1646; x_wconf 85' lang='grc' dir='ltr'><strong><em>Εὐκτήμονος,</em></strong></span> <span class='ocrx_word' id='word_1_109' title='bbox 1027 1553 1077 1627; x_wconf 86' lang='grc' dir='ltr'><strong><em>ότι</em></strong></span> <span class='ocrx_word' id='word_1_110' title='bbox 1096 1567 1146 1644; x_wconf 74' lang='grc' dir='ltr'><strong><em>εἴη</em></strong></span> 
     </span>
     <span class='ocr_line' id='line_1_15' title="bbox 143 1654 1147 1747; baseline 0.001 -20"><span class='ocrx_word' id='word_1_111' title='bbox 143 1681 178 1734; x_wconf 82' lang='lat'><strong><em>30</em></strong></span> <span class='ocrx_word' id='word_1_112' title='bbox 195 1654 307 1738; x_wconf 83' lang='grc' dir='ltr'><strong><em>αὐτοῖς</em></strong></span> <span class='ocrx_word' id='word_1_113' title='bbox 334 1656 430 1746; x_wconf 87' lang='grc' dir='ltr'><strong><em>ίκαυή</em></strong></span> <span class='ocrx_word' id='word_1_114' title='bbox 457 1655 604 1747; x_wconf 87' lang='grc' dir='ltr'><strong><em>άφορμή,</em></strong></span> <span class='ocrx_word' id='word_1_115' title='bbox 631 1665 908 1728; x_wconf 83' lang='grc' dir='ltr'><strong><em>σννετιτίθενται.</em></strong></span> <span class='ocrx_word' id='word_1_116' title='bbox 944 1659 999 1726; x_wconf 80' lang='grc' dir='ltr'><strong><em>καὶ</em></strong></span> <span class='ocrx_word' id='word_1_117' title='bbox 1017 1659 1147 1747; x_wconf 73' lang='grc' dir='ltr'><strong><em>πρῶτον</em></strong></span> 
     </span>
     <span class='ocr_line' id='line_1_16' title="bbox 72 1754 1148 1858; baseline -0.001 -31"><span class='ocrx_word' id='word_1_118' title='bbox 72 1849 75 1858; x_wconf 31' lang='lat'><strong><em>¹</em></strong></span> <span class='ocrx_word' id='word_1_119' title='bbox 195 1759 256 1848; x_wconf 76' lang='grc' dir='ltr'><strong><em>μὲν</em></strong></span> <span class='ocrx_word' id='word_1_120' title='bbox 273 1766 428 1829; x_wconf 87' lang='grc' dir='ltr'><strong><em>πείθουσι</em></strong></span> <span class='ocrx_word' id='word_1_121' title='bbox 444 1756 503 1828; x_wconf 87' lang='grc' dir='ltr'><strong><em>τόν</em></strong></span> <span class='ocrx_word' id='word_1_122' title='bbox 519 1754 718 1846; x_wconf 88' lang='grc' dir='ltr'><strong><em>Εὐκτήμονα</em></strong></span> <span class='ocrx_word' id='word_1_123' title='bbox 734 1755 795 1845; x_wconf 89' lang='grc' dir='ltr'><strong><em>τήν</em></strong></span> <span class='ocrx_word' id='word_1_124' title='bbox 811 1758 873 1847; x_wconf 71' lang='grc' dir='ltr'><strong><em>μέν</em></strong></span> <span class='ocrx_word' id='word_1_125' title='bbox 890 1756 1056 1846; x_wconf 88' lang='grc' dir='ltr'><strong><em>διαθήκην</em></strong></span> <span class='ocrx_word' id='word_1_126' title='bbox 1073 1754 1148 1827; x_wconf 87' lang='grc' dir='ltr'><strong><em>άνε-</em></strong></span> 
     </span>
    </p>
   </div>
   <div class='ocr_carea' id='block_1_10' title="bbox 141 1848 1161 3558">
    <p class='ocr_par' dir='ltr' id='par_1_10' title="bbox 141 1848 1161 3558">
     <span class='ocr_line' id='line_1_17' title="bbox 195 1848 1148 1949; baseline 0.001 -22"><span class='ocrx_word' id='word_1_127' title='bbox 195 1868 266 1928; x_wconf 78' lang='grc' dir='ltr'><strong><em>λεῐν</em></strong></span> <span class='ocrx_word' id='word_1_128' title='bbox 293 1854 336 1939; x_wconf 74' lang='grc' dir='ltr'><strong><em>ὡς</em></strong></span> <span class='ocrx_word' id='word_1_129' title='bbox 353 1855 394 1929; x_wconf 89' lang='grc' dir='ltr'><strong><em>οὐ</em></strong></span> <span class='ocrx_word' id='word_1_130' title='bbox 411 1866 573 1949; x_wconf 87' lang='grc' dir='ltr'><strong><em>χρησίμην</em></strong></span> <span class='ocrx_word' id='word_1_131' title='bbox 589 1848 695 1927; x_wconf 85' lang='grc' dir='ltr'><strong><em>οὐσαν</em></strong></span> <span class='ocrx_word' id='word_1_132' title='bbox 711 1875 779 1938; x_wconf 83' lang='grc' dir='ltr'><strong><em>τοῖς</em></strong></span> <span class='ocrx_word' id='word_1_133' title='bbox 796 1864 904 1928; x_wconf 87' lang='grc' dir='ltr'><strong><em>παισί·</em></strong></span> <span class='ocrx_word' id='word_1_134' title='bbox 931 1861 988 1945; x_wconf 84' lang='grc' dir='ltr'><strong><em>τής</em></strong></span> <span class='ocrx_word' id='word_1_135' title='bbox 1005 1856 1068 1949; x_wconf 84' lang='grc' dir='ltr'><strong><em>γάρ</em></strong></span> <span class='ocrx_word' id='word_1_136' title='bbox 1086 1887 1148 1947; x_wconf 85' lang='grc' dir='ltr'><strong><em>φα-</em></strong></span> 
     </span>
     <span class='ocr_line' id='line_1_18' title="bbox 194 1955 1150 2049; baseline 0 -21"><span class='ocrx_word' id='word_1_137' title='bbox 194 1962 291 2049; x_wconf 85' lang='grc' dir='ltr'><strong><em>νεράς</em></strong></span> <span class='ocrx_word' id='word_1_138' title='bbox 317 1956 431 2040; x_wconf 85' lang='grc' dir='ltr'><strong><em>οὐσίας</em></strong></span> <span class='ocrx_word' id='word_1_139' title='bbox 456 1955 579 2028; x_wconf 79' lang='grc' dir='ltr'><strong><em>οὐδένα</em></strong></span> <span class='ocrx_word' id='word_1_140' title='bbox 604 1956 720 2049; x_wconf 87' lang='grc' dir='ltr'><strong><em>κόριον</em></strong></span> <span class='ocrx_word' id='word_1_141' title='bbox 743 1965 878 2029; x_wconf 81' lang='grc' dir='ltr'><strong><em>ἔσεσθαι</em></strong></span> <span class='ocrx_word' id='word_1_142' title='bbox 895 1957 1150 2046; x_wconf 86' lang='grc' dir='ltr'><strong><em>τελευτήσαντος</em></strong></span> 
     </span>
     <span class='ocr_line' id='line_1_19' title="bbox 195 2053 1150 2149; baseline 0 -20"><span class='ocrx_word' id='word_1_143' title='bbox 195 2055 407 2148; x_wconf 85' lang='grc' dir='ltr'><strong><em>Εὐκτήμονος</em></strong></span> <span class='ocrx_word' id='word_1_144' title='bbox 424 2055 525 2128; x_wconf 84' lang='grc' dir='ltr'><strong><em>άλλον</em></strong></span> <span class='ocrx_word' id='word_1_145' title='bbox 540 2053 562 2147; x_wconf 83' lang='grc' dir='ltr'><strong><em>ή</em></strong></span> <span class='ocrx_word' id='word_1_146' title='bbox 579 2055 636 2138; x_wconf 83' lang='grc' dir='ltr'><strong><em>τάς</em></strong></span> <span class='ocrx_word' id='word_1_147' title='bbox 652 2061 838 2149; x_wconf 77' lang='grc' dir='ltr'><strong><em>θυγατέρας</em></strong></span> <span class='ocrx_word' id='word_1_148' title='bbox 855 2060 910 2129; x_wconf 83' lang='grc' dir='ltr'><strong><em>καὶ</em></strong></span> <span class='ocrx_word' id='word_1_149' title='bbox 927 2056 1003 2139; x_wconf 86' lang='grc' dir='ltr'><strong><em>τούς</em></strong></span> <span class='ocrx_word' id='word_1_150' title='bbox 1022 2063 1058 2128; x_wconf 84' lang='grc' dir='ltr'><strong><em>ἐκ</em></strong></span> <span class='ocrx_word' id='word_1_151' title='bbox 1075 2058 1150 2129; x_wconf 80' lang='grc' dir='ltr'><strong><em>τού·</em></strong></span> 
     </span>
     <span class='ocr_line' id='line_1_20' title="bbox 194 2155 1151 2248; baseline -0.001 -19"><span class='ocrx_word' id='word_1_152' title='bbox 194 2187 262 2229; x_wconf 89' lang='grc' dir='ltr'><strong><em>των</em></strong></span> <span class='ocrx_word' id='word_1_153' title='bbox 287 2157 477 2248; x_wconf 88' lang='grc' dir='ltr'><strong><em>γεγονότας·</em></strong></span> <span class='ocrx_word' id='word_1_154' title='bbox 504 2166 535 2229; x_wconf 89' lang='grc' dir='ltr'><strong><em>εί</em></strong></span> <span class='ocrx_word' id='word_1_155' title='bbox 560 2160 598 2228; x_wconf 66' lang='grc' dir='ltr'><strong><em>δὲ</em></strong></span> <span class='ocrx_word' id='word_1_156' title='bbox 614 2155 815 2248; x_wconf 89' lang='grc' dir='ltr'><strong><em>άποδόμενός</em></strong></span> <span class='ocrx_word' id='word_1_157' title='bbox 837 2188 868 2229; x_wconf 88' lang='grc' dir='ltr'><strong><em>τι</em></strong></span> <span class='ocrx_word' id='word_1_158' title='bbox 885 2163 952 2229; x_wconf 75' lang='grc' dir='ltr'><strong><em>τοῖν</em></strong></span> <span class='ocrx_word' id='word_1_159' title='bbox 969 2157 1076 2230; x_wconf 86' lang='grc' dir='ltr'><strong><em>όντων</em></strong></span> <span class='ocrx_word' id='word_1_160' title='bbox 1093 2155 1151 2247; x_wconf 82' lang='grc' dir='ltr'><strong><em>ὐρ-</em></strong></span> 
     </span>
     <span class='ocr_line' id='line_1_21' title="bbox 143 2256 1151 2350; baseline 0 -22"><span class='ocrx_word' id='word_1_161' title='bbox 143 2275 176 2328; x_wconf 84' lang='lat'><strong><em>31</em></strong></span> <span class='ocrx_word' id='word_1_162' title='bbox 194 2258 507 2350; x_wconf 86' lang='grc' dir='ltr'><strong><em>γύριονπαταλίποι,</em></strong></span> <span class='ocrx_word' id='word_1_163' title='bbox 523 2257 620 2330; x_wconf 79' lang='grc' dir='ltr'><strong><em>τοῦτο</em></strong></span> <span class='ocrx_word' id='word_1_164' title='bbox 638 2265 780 2346; x_wconf 81' lang='grc' dir='ltr'><strong><em>βεβαίως</em></strong></span> <span class='ocrx_word' id='word_1_165' title='bbox 792 2263 877 2342; x_wconf 71' lang='grc' dir='ltr'><strong><em>ἕξειν</em></strong></span> <span class='ocrx_word' id='word_1_166' title='bbox 895 2256 1023 2340; x_wconf 77' lang='grc' dir='ltr'><strong><em>αὐτούς.</em></strong></span> <span class='ocrx_word' id='word_1_167' title='bbox 1051 2256 1151 2329; x_wconf 87' lang='grc' dir='ltr'><strong><em>άκού-</em></strong></span> 
     </span>
     <span class='ocr_line' id='line_1_22' title="bbox 196 2355 1153 2451; baseline 0 -22"><span class='ocrx_word' id='word_1_168' title='bbox 196 2382 256 2440; x_wconf 90' lang='grc' dir='ltr'><strong><em>σας</em></strong></span> <span class='ocrx_word' id='word_1_169' title='bbox 281 2356 314 2428; x_wconf 86' lang='grc' dir='ltr'><strong><em>δ’</em></strong></span> <span class='ocrx_word' id='word_1_170' title='bbox 337 2355 355 2430; x_wconf 89' lang='grc' dir='ltr'><strong><em>ό</em></strong></span> <span class='ocrx_word' id='word_1_171' title='bbox 378 2355 565 2449; x_wconf 86' lang='grc' dir='ltr'><strong><em>Εὐκτήμων</em></strong></span> <span class='ocrx_word' id='word_1_172' title='bbox 589 2356 694 2438; x_wconf 82' lang='grc' dir='ltr'><strong><em>εόθύς</em></strong></span> <span class='ocrx_word' id='word_1_173' title='bbox 716 2355 833 2450; x_wconf 85' lang='grc' dir='ltr'><strong><em>άπήτει</em></strong></span> <span class='ocrx_word' id='word_1_174' title='bbox 855 2357 913 2430; x_wconf 86' lang='grc' dir='ltr'><strong><em>τόν</em></strong></span> <span class='ocrx_word' id='word_1_175' title='bbox 937 2359 1153 2451; x_wconf 86' lang='grc' dir='ltr'><strong><em>Πυθόδωρον</em></strong></span> 
     </span>
     <span class='ocr_line' id='line_1_23' title="bbox 195 2457 1153 2551; baseline 0 -21"><span class='ocrx_word' id='word_1_176' title='bbox 195 2457 232 2530; x_wconf 85' lang='grc' dir='ltr'><strong><em>τό</em></strong></span> <span class='ocrx_word' id='word_1_177' title='bbox 249 2477 485 2551; x_wconf 78' lang='grc' dir='ltr'><strong><em>γραμματεῖον,</em></strong></span> <span class='ocrx_word' id='word_1_178' title='bbox 504 2462 558 2530; x_wconf 80' lang='grc' dir='ltr'><strong><em>καὶ</em></strong></span> <span class='ocrx_word' id='word_1_179' title='bbox 575 2463 835 2550; x_wconf 78' lang='grc' dir='ltr'><strong><em>προσεκαλέσατο</em></strong></span> <span class='ocrx_word' id='word_1_180' title='bbox 854 2467 900 2540; x_wconf 90' lang='grc' dir='ltr'><strong><em>είς</em></strong></span> <span class='ocrx_word' id='word_1_181' title='bbox 918 2464 1077 2550; x_wconf 71' lang='grc' dir='ltr'><strong><em>έμῳανοόν</em></strong></span> <span class='ocrx_word' id='word_1_182' title='bbox 1094 2489 1153 2530; x_wconf 91' lang='grc' dir='ltr'><strong><em>κα-</em></strong></span> 
     </span>
     <span class='ocr_line' id='line_1_24' title="bbox 195 2557 1153 2652; baseline 0 -22"><span class='ocrx_word' id='word_1_183' title='bbox 195 2559 360 2631; x_wconf 88' lang='grc' dir='ltr'><strong><em>τάστασιν.</em></strong></span> <span class='ocrx_word' id='word_1_184' title='bbox 396 2559 614 2641; x_wconf 73' lang='grc' dir='ltr'><strong><em>καταστάντος</em></strong></span> <span class='ocrx_word' id='word_1_185' title='bbox 628 2560 665 2629; x_wconf 76' lang='grc' dir='ltr'><strong><em>δὲ</em></strong></span> <span class='ocrx_word' id='word_1_186' title='bbox 678 2563 806 2630; x_wconf 78' lang='grc' dir='ltr'><strong><em>ἐκείνου</em></strong></span> <span class='ocrx_word' id='word_1_187' title='bbox 823 2559 904 2651; x_wconf 87' lang='grc' dir='ltr'><strong><em>πρός</em></strong></span> <span class='ocrx_word' id='word_1_188' title='bbox 920 2558 978 2631; x_wconf 87' lang='grc' dir='ltr'><strong><em>τόν</em></strong></span> <span class='ocrx_word' id='word_1_189' title='bbox 995 2557 1153 2652; x_wconf 75' lang='grc' dir='ltr'><strong><em>ἄρχοντα,</em></strong></span> 
     </span>
     <span class='ocr_line' id='line_1_25' title="bbox 142 2657 1154 2749; baseline 0 -19"><span class='ocrx_word' id='word_1_190' title='bbox 142 2677 179 2730; x_wconf 76' lang='lat'><strong><em>32</em></strong></span> <span class='ocrx_word' id='word_1_191' title='bbox 196 2667 309 2749; x_wconf 76' lang='grc' dir='ltr'><strong><em>ἔλεγεν</em></strong></span> <span class='ocrx_word' id='word_1_192' title='bbox 326 2657 376 2730; x_wconf 88' lang='grc' dir='ltr'><strong><em>ότι</em></strong></span> <span class='ocrx_word' id='word_1_193' title='bbox 394 2658 540 2748; x_wconf 78' lang='grc' dir='ltr'><strong><em>βούλοιτ’</em></strong></span> <span class='ocrx_word' id='word_1_194' title='bbox 558 2658 736 2731; x_wconf 80' lang='grc' dir='ltr'><strong><em>ἀνελέσθαι</em></strong></span> <span class='ocrx_word' id='word_1_195' title='bbox 752 2659 814 2748; x_wconf 87' lang='grc' dir='ltr'><strong><em>τήν</em></strong></span> <span class='ocrx_word' id='word_1_196' title='bbox 833 2659 1007 2749; x_wconf 87' lang='grc' dir='ltr'><strong><em>διαθήκην.</em></strong></span> <span class='ocrx_word' id='word_1_197' title='bbox 1037 2659 1154 2749; x_wconf 77' lang='grc' dir='ltr'><strong><em>ἐπειδή</em></strong></span> 
     </span>
     <span class='ocr_line' id='line_1_26' title="bbox 198 2756 1155 2855; baseline 0.002 -26"><span class='ocrx_word' id='word_1_198' title='bbox 198 2758 230 2829; x_wconf 90' lang='grc' dir='ltr'><strong><em>δ’</em></strong></span> <span class='ocrx_word' id='word_1_199' title='bbox 249 2756 267 2830; x_wconf 89' lang='grc' dir='ltr'>ὁ</span> <span class='ocrx_word' id='word_1_200' title='bbox 284 2759 492 2852; x_wconf 86' lang='grc' dir='ltr'><strong><em>Πυθόδωρος</em></strong></span> <span class='ocrx_word' id='word_1_201' title='bbox 511 2765 625 2853; x_wconf 81' lang='grc' dir='ltr'><strong><em>ἐκείνῳ</em></strong></span> <span class='ocrx_word' id='word_1_202' title='bbox 642 2761 703 2850; x_wconf 74' lang='grc' dir='ltr'><strong><em>μὲν</em></strong></span> <span class='ocrx_word' id='word_1_203' title='bbox 720 2764 777 2832; x_wconf 80' lang='grc' dir='ltr'><strong><em>καὶ</em></strong></span> <span class='ocrx_word' id='word_1_204' title='bbox 792 2765 840 2854; x_wconf 77' lang='grc' dir='ltr'><strong><em>τῳ</em></strong></span> <span class='ocrx_word' id='word_1_205' title='bbox 850 2758 1073 2855; x_wconf 74' lang='grc' dir='ltr'><strong><em>Φανοστράτῳ</em></strong></span> <span class='ocrx_word' id='word_1_206' title='bbox 1091 2789 1155 2831; x_wconf 90' lang='grc' dir='ltr'><strong><em>πα-</em></strong></span> 
     </span>
     <span class='ocr_line' id='line_1_27' title="bbox 197 2856 1156 2952; baseline 0.002 -22"><span class='ocrx_word' id='word_1_207' title='bbox 197 2859 288 2951; x_wconf 92' lang='grc' dir='ltr'><strong><em>ρόντι</em></strong></span> <span class='ocrx_word' id='word_1_208' title='bbox 307 2856 464 2948; x_wconf 73' lang='grc' dir='ltr'><strong><em>ὁμολόγει</em></strong></span> <span class='ocrx_word' id='word_1_209' title='bbox 481 2856 647 2951; x_wconf 80' lang='grc' dir='ltr'><strong><em>άναιρεῑν,</em></strong></span> <span class='ocrx_word' id='word_1_210' title='bbox 665 2865 726 2932; x_wconf 77' lang='grc' dir='ltr'><strong><em>τοῦ</em></strong></span> <span class='ocrx_word' id='word_1_211' title='bbox 743 2862 780 2931; x_wconf 75' lang='grc' dir='ltr'><strong><em>δδ</em></strong></span> <span class='ocrx_word' id='word_1_212' title='bbox 791 2865 934 2952; x_wconf 78' lang='grc' dir='ltr'><strong><em>Χαιρέου</em></strong></span> <span class='ocrx_word' id='word_1_213' title='bbox 951 2865 1013 2932; x_wconf 80' lang='grc' dir='ltr'><strong><em>τοῦ</em></strong></span> <span class='ocrx_word' id='word_1_214' title='bbox 1029 2882 1156 2950; x_wconf 87' lang='grc' dir='ltr'><strong><em>συγκα-</em></strong></span> 
     </span>
     <span class='ocr_line' id='line_1_28' title="bbox 195 2952 1157 3053; baseline 0.002 -23"><span class='ocrx_word' id='word_1_215' title='bbox 195 2963 382 3050; x_wconf 89' lang='grc' dir='ltr'><strong><em>ταθεμένου</em></strong></span> <span class='ocrx_word' id='word_1_216' title='bbox 404 2959 555 3051; x_wconf 77' lang='grc' dir='ltr'><strong><em>θυγάτηρ</em></strong></span> <span class='ocrx_word' id='word_1_217' title='bbox 572 2952 615 3048; x_wconf 88' lang='grc' dir='ltr'><strong><em>ήν</em></strong></span> <span class='ocrx_word' id='word_1_218' title='bbox 632 2968 707 3051; x_wconf 89' lang='grc' dir='ltr'><strong><em>μία,</em></strong></span> <span class='ocrx_word' id='word_1_219' title='bbox 735 2953 774 3051; x_wconf 85' lang='grc' dir='ltr'><strong><em>ής</em></strong></span> <span class='ocrx_word' id='word_1_220' title='bbox 793 2960 906 3050; x_wconf 78' lang='grc' dir='ltr'><strong><em>ἐπειδή</em></strong></span> <span class='ocrx_word' id='word_1_221' title='bbox 923 2960 1036 3053; x_wconf 88' lang='grc' dir='ltr'><strong><em>κόριος</em></strong></span> <span class='ocrx_word' id='word_1_222' title='bbox 1054 2991 1157 3033; x_wconf 89' lang='grc' dir='ltr'><strong><em>κατα·</em></strong></span> 
     </span>
     <span class='ocr_line' id='line_1_29' title="bbox 198 3057 1158 3153; baseline 0.002 -22"><span class='ocrx_word' id='word_1_223' title='bbox 198 3067 309 3148; x_wconf 89' lang='grc' dir='ltr'><strong><em>σταίη,</em></strong></span> <span class='ocrx_word' id='word_1_224' title='bbox 336 3058 409 3130; x_wconf 91' lang='grc' dir='ltr'><strong><em>τότε</em></strong></span> <span class='ocrx_word' id='word_1_225' title='bbox 434 3057 528 3148; x_wconf 80' lang='grc' dir='ltr'><strong><em>ήξίον</em></strong></span> <span class='ocrx_word' id='word_1_226' title='bbox 553 3057 701 3150; x_wconf 80' lang='grc' dir='ltr'><strong><em>άνελεῑν,</em></strong></span> <span class='ocrx_word' id='word_1_227' title='bbox 728 3065 784 3132; x_wconf 78' lang='grc' dir='ltr'><strong><em>καὶ</em></strong></span> <span class='ocrx_word' id='word_1_228' title='bbox 800 3058 818 3132; x_wconf 85' lang='grc' dir='ltr'><strong><em>ό</em></strong></span> <span class='ocrx_word' id='word_1_229' title='bbox 836 3060 946 3153; x_wconf 82' lang='grc' dir='ltr'><strong><em>άρχων</em></strong></span> <span class='ocrx_word' id='word_1_230' title='bbox 963 3060 1069 3143; x_wconf 76' lang='grc' dir='ltr'><strong><em>οὕτως</em></strong></span> <span class='ocrx_word' id='word_1_231' title='bbox 1088 3067 1158 3152; x_wconf 87' lang='grc' dir='ltr'><strong><em>έγί-</em></strong></span> 
     </span>
     <span class='ocr_line' id='line_1_30' title="bbox 197 3159 1160 3253; baseline 0.003 -22"><span class='ocrx_word' id='word_1_232' title='bbox 197 3182 343 3249; x_wconf 90' lang='grc' dir='ltr'><strong><em>γνωσκε,</em></strong></span> <span class='ocrx_word' id='word_1_233' title='bbox 382 3160 695 3250; x_wconf 90' lang='grc' dir='ltr'><strong><em>διομολογησάμενος</em></strong></span> <span class='ocrx_word' id='word_1_234' title='bbox 726 3159 744 3232; x_wconf 88' lang='grc' dir='ltr'>ὁ</span> <span class='ocrx_word' id='word_1_235' title='bbox 775 3160 961 3253; x_wconf 85' lang='grc' dir='ltr'><strong><em>Εὐκτήμων</em></strong></span> <span class='ocrx_word' id='word_1_236' title='bbox 1000 3167 1160 3234; x_wconf 79' lang='grc' dir='ltr'><strong><em>ἐναντίον</em></strong></span> 
     </span>
     <span class='ocr_line' id='line_1_31' title="bbox 197 3258 1161 3354; baseline 0.005 -24"><span class='ocrx_word' id='word_1_237' title='bbox 197 3265 259 3331; x_wconf 86' lang='grc' dir='ltr'><strong><em>τού</em></strong></span> <span class='ocrx_word' id='word_1_238' title='bbox 291 3258 445 3352; x_wconf 85' lang='grc' dir='ltr'><strong><em>άρχουτος</em></strong></span> <span class='ocrx_word' id='word_1_239' title='bbox 478 3264 534 3331; x_wconf 80' lang='grc' dir='ltr'><strong><em>καὶ</em></strong></span> <span class='ocrx_word' id='word_1_240' title='bbox 568 3265 635 3332; x_wconf 74' lang='grc' dir='ltr'><strong><em>τῶν</em></strong></span> <span class='ocrx_word' id='word_1_241' title='bbox 657 3267 833 3354; x_wconf 82' lang='grc' dir='ltr'><strong><em>παρέδρων</em></strong></span> <span class='ocrx_word' id='word_1_242' title='bbox 855 3266 911 3334; x_wconf 80' lang='grc' dir='ltr'><strong><em>καὶ</em></strong></span> <span class='ocrx_word' id='word_1_243' title='bbox 934 3261 1161 3353; x_wconf 87' lang='grc' dir='ltr'><strong><em>ποιησάμενος</em></strong></span> 
     </span>
     <span class='ocr_line' id='line_1_32' title="bbox 197 3357 1161 3455; baseline 0.003 -24"><span class='ocrx_word' id='word_1_244' title='bbox 197 3358 339 3442; x_wconf 84' lang='grc' dir='ltr'><strong><em>πολλούς</em></strong></span> <span class='ocrx_word' id='word_1_245' title='bbox 350 3358 517 3452; x_wconf 91' lang='grc' dir='ltr'><strong><em>μάρτυρας</em></strong></span> <span class='ocrx_word' id='word_1_246' title='bbox 536 3357 579 3442; x_wconf 76' lang='grc' dir='ltr'><strong><em>ὦς</em></strong></span> <span class='ocrx_word' id='word_1_247' title='bbox 596 3357 706 3432; x_wconf 85' lang='grc' dir='ltr'><strong><em>οὐκέτ’</em></strong></span> <span class='ocrx_word' id='word_1_248' title='bbox 725 3360 817 3455; x_wconf 74' lang='grc' dir='ltr'><strong><em>αὐτῷ</em></strong></span> <span class='ocrx_word' id='word_1_249' title='bbox 831 3367 937 3434; x_wconf 89' lang='grc' dir='ltr'><strong><em>κέοιτο</em></strong></span> <span class='ocrx_word' id='word_1_250' title='bbox 954 3359 974 3451; x_wconf 87' lang='grc' dir='ltr'><strong><em>ή</em></strong></span> <span class='ocrx_word' id='word_1_251' title='bbox 994 3363 1161 3454; x_wconf 85' lang='grc' dir='ltr'><strong><em>διαθήκη,</em></strong></span> 
     </span>
     <span class='ocr_line' id='line_1_33' title="bbox 141 3454 1161 3558; baseline 0.006 -30"><span class='ocrx_word' id='word_1_252' title='bbox 141 3476 175 3529; x_wconf 77' lang='lat'><strong><em>³3</em></strong></span> <span class='ocrx_word' id='word_1_253' title='bbox 193 3459 293 3554; x_wconf 71' lang='grc' dir='ltr'><strong><em>ᾤχετο</em></strong></span> <span class='ocrx_word' id='word_1_254' title='bbox 304 3457 421 3532; x_wconf 76' lang='grc' dir='ltr'><strong><em>άπιοόν.</em></strong></span> <span class='ocrx_word' id='word_1_255' title='bbox 448 3464 504 3532; x_wconf 81' lang='grc' dir='ltr'><strong><em>καὶ</em></strong></span> <span class='ocrx_word' id='word_1_256' title='bbox 515 3465 551 3532; x_wconf 85' lang='grc' dir='ltr'><strong><em>έν</em></strong></span> <span class='ocrx_word' id='word_1_257' title='bbox 568 3460 657 3532; x_wconf 89' lang='grc' dir='ltr'><strong><em>πάνυ</em></strong></span> <span class='ocrx_word' id='word_1_258' title='bbox 673 3460 774 3557; x_wconf 88' lang='grc' dir='ltr'><strong><em>ὀλίγῳ</em></strong></span> <span class='ocrx_word' id='word_1_259' title='bbox 791 3463 910 3558; x_wconf 88' lang='grc' dir='ltr'><strong><em>χρόνῳ,</em></strong></span> <span class='ocrx_word' id='word_1_260' title='bbox 929 3454 1034 3554; x_wconf 83' lang='grc' dir='ltr'><strong><em>οὐπερ</em></strong></span> <span class='ocrx_word' id='word_1_261' title='bbox 1053 3467 1161 3535; x_wconf 78' lang='grc' dir='ltr'><strong><em>ἕνεκα</em></strong></span> 
     </span>
    </p>
   </div>
   <div class='ocr_carea' id='block_1_11' title="bbox 0 0 1257 3914">
    <p class='ocr_par' dir='ltr' id='par_1_11' title="bbox 0 0 1257 3914">
     <span class='ocr_line' id='line_1_34' title="bbox 0 0 1257 3914; baseline 0 0"><span class='ocrx_word' id='word_1_262' title='bbox 0 0 1257 3914; x_wconf 95' lang='lat' dir='ltr'><strong><em> </em></strong></span> 
     </span>
    </p>
   </div>
  </div>
 </body>
</html>
