2490 3914
75 227 102 278 p.
120 207 161 260 60.
213 207 304 258 ΠΕΡΙ
320 205 397 258 Tor
415 205 716 258 ΦΙΑΟΚΤΗΜΟΝΟΣ
732 206 895 260 ΚΔΗΡΟΤ.
992 211 1051 276 83*

3 415 4 422 ι
77 386 182 457 οίκίας
208 371 337 447 ἅπαντα
364 371 658 466 ἐκπεφορημένα
637 375 704 446 υπδ
729 376 865 448 τούτων
911 382 948 447 αἱ
971 349 1033 466 μέν

76 469 138 549 οὐν
160 493 374 565 γυναῖκες,ο
356 471 428 547 οἷον
454 475 557 566 εἰκός,
585 480 661 600 περὶ
691 473 750 548 τάν
780 476 1033 566 τετελευτηκότα

75 568 176 666 ήσαν
203 566 295 647 οὗτοι
322 578 360 647 δὲ
384 594 452 658 τοῖς
478 573 722 666 ἀκολουθήσασι
748 581 944 669 παραχρῆμα
962 583 1033 648 ἐπε·

77 685 257 748 δείκννσαν
282 674 323 747 τά
349 673 488 748 ένδον’
465 706 508 758 ως
526 676 609 772 εἶχε,
635 681 691 747 καί
707 675 854 759 τούςοίκ
834 678 928 759 κίτας
945 684 1033 768 προί-

73 806 133 850 τον
150 774 289 869 ήροίτων
307 781 458 849 ἐναντίον
474 776 600 848 τούτων
617 775 692 848 ὅποι
703 783 907 869 τετραμμένα
926 789 976 867 εἴη
993 777 1034 848 τά

72 876 239 970 χρήματα.Ι
274 877 439 967 λεγόντων
457 880 495 948 δὲ
512 882 648 949 ἐκείνων
669 877 719 950 ὅτι
736 870 827 951 οὗτοι
847 878 1033 969 έξενηνοχό-
1050 896 1084 947 42

71 1006 127 1058 τες
156 977 225 1048 εἶεν
243 985 290 1058 είς
306 975 367 1068 τήν
384 987 524 1067 πλησίον
549 986 675 1069 οίκίαν,
702 983 757 1049 καλ
774 977 955 1066 ἀξιούντων
972 1007 1033 1050 τα·

72 1080 227 1171 ραχρήμα
244 1081 351 1148 τοῖνδε
366 1082 485 1171 φωρήν
510 1078 592 1149 κατά
608 1078 666 1150 τδν
682 1079 786 1168 νόμον
803 1083 859 1151 καὶ
882 1078 960 1161 τούς
986 1087 1033 1150 οί-

70 1182 171 1259 κέτας
199 1177 416 1261 έξαιτούντων
440 1175 517 1260 τούς
536 1179 797 1270 έκφορήσαντας,
824 1178 887 1251 οὐκ
912 1178 1033 1269 ήδέλη-

70 1300 138 1350 σαν
155 1281 226 1349 τοῖν
244 1283 381 1350 δικαίων
392 1276 493 1350 οὐδὲν
505 1283 645 1368 ποιήσαι.
672 1283 740 1351 Καὶ
751 1278 801 1350 ὅτι
814 1277 925 1369 ἀληθῆ
935 1284 1031 1369 λέγω,

68 1381 154 1468 λαβὲ
172 1381 271 1449 ταυτί
288 1383 344 1450 καί
361 1375 543 1468 ἀνάγνωθι.

198 1503 407 1596 αοεννοιλε
441 1545 651 1598 ΑΠοΓΡΑοΗ.
686 1545 914 1597 ΠΡΟΚΛΗΣΙΣ.

154 1687 309 1753 Τοσαῦτα
331 1684 393 1772 μὲν
415 1693 531 1756 τοίνυν
553 1682 701 1776 χρήματα
726 1688 762 1754 ἐκ
783 1688 841 1772 τής
858 1690 963 1762 οἰκίας
983 1685 1032 1750 έκ·
1049 1700 1083 1754 43

66 1782 301 1875 φορήσαντες,
333 1783 493 1873 τοσαύτης
526 1781 559 1854 δ’
591 1783 706 1866 οὐσίας
737 1786 947 1875 πεπραμένης
971 1779 1033 1870 τήν

64 1882 171 1974 τιμήν
200 1889 345 1971 ἔχοντες,
373 1889 419 1953 ἔτι
447 1887 485 1954 δὲ
510 1884 566 1965 τάς
587 1885 770 1977 προσόδους
787 1881 844 1965 τὰς
863 1887 899 1954 έν
917 1886 1032 1974 ἐκείνῳ

65 1988 118 2078 τῷ
135 1981 253 2075 χρόνῳ
263 1986 442 2072 γενομένας
456 1984 736 2075 διαφορήσαντος,
754 1994 879 2055 οίονται
893 1985 948 2052 καὶ
966 1984 1033 2052 τοῖν

61 2086 202 2155 λοιποῖν
230 2080 339 2172 κύριοι
365 2083 579 2173 γενήσεσθαι·
606 2090 662 2156 καὶ
686 2093 733 2166 είς
750 2087 847 2155 τούτο
864 2080 1033 2162 ἀναιδείας

61 2184 235 2274 ήκουσιν,
265 2179 342 2252 ὥστ’
364 2180 541 2279 εὐθυδικίᾳ
566 2187 628 2276 μὲν
644 2183 706 2256 οὐκ
725 2184 905 2274 ἐτόλμησαν
931 2189 1033 2252 εἰσελ-

60 2297 164 2372 θεῖν,
196 2279 284 2353 ἀλλά
303 2283 543 2376 διεμαρτύρουν
560 2282 604 2367 οδς
621 2281 706 2376 ὑπὲρ
724 2293 872 2373 γνησίων
889 2279 956 2370 ἅμα
972 2282 1034 2370 μὲν

58 2384 102 2455 τά
129 2385 253 2470 ψευδή
275 2379 343 2471 ἀμα
362 2385 399 2453 δέ
415 2381 574 2457 τάναντία
590 2382 639 2467 οἷς
658 2382 751 2456 αὐτοὶ
770 2387 928 2475 ἔπραξαν·
956 2387 1033 2451 οἵτι-
1049 2403 1084 2456 44

58 2514 120 2568 νες
138 2481 232 2606 πρὸς
256 2483 316 2570 μὲν
333 2481 392 2554 τὸν
409 2483 550 2576 ἀρχουτα
567 2483 760 2577 ἀπέγραψαν
778 2481 900 2563 αὐτούς
919 2477 962 2563 ὥς
979 2479 1033 2551 δν·

57 2616 121 2668 τας
149 2581 217 2655 τὸν
245 2583 307 2671 μὲν
325 2584 568 2675 Φιλοκτήμονος
585 2582 694 2656 τδνδ’
711 2583 942 2675 Ἐργαμένους,
969 2583 1034 2651 νῦν

58 2689 100 2758 δὲ
115 2682 478 2807 διαμεμαρτυρήκασιν
488 2683 699 2775 Εὐκτήμονος
712 2684 806 2755 εἶναι.
833 2690 938 2753 καίτοι
955 2676 1033 2752 οὐδ’

10 2793 11 2798 ’
57 2796 91 2858 εί
118 2782 266 2874 γνήσιοι
292 2772 397 2875 ήσαν,
425 2794 535 2857 είσποί
533 2815 603 2874 ητοι
631 2788 683 2873 δέ,
711 2781 753 2865 ἀς
780 2811 871 2853 ουτοι
889 2789 1033 2902 ἔφασαν,

54 2883 142 2959 οὐδ’
174 2878 274 2954 οὕτω
297 2889 463 2974 προσήκεν
492 2883 613 2967 αὐτούς
641 2882 853 3011 Εὐκτήμονος
884 2876 1032 2953 alvan*
1016 2909 1034 2950 ο

54 2987 125 3080 γὰρ
145 2982 261 3072 νόμος
278 3008 341 3053 ουκ
367 2990 404 3078 έᾷ
422 2990 606 3075 ἐπανιέναι,
635 2981 749 3056 έάν
708 3013 778 3074 μη
769 2982 845 3054 υιδν
870 2989 1034 3069 καταλίπη

51 3086 223 3178 γνήσιον
265 3075 348 3154 ωστε
364 3089 419 3157 καὶ
438 3077 516 3171 ἐξ
488 3115 536 3159 ων
553 3084 647 3158 αὐτοὶ
670 3081 849 3206 έπραξαυ’
830 3083 957 3171 ανάμκη
973 3078 1035 3166 τήν

53 3189 268 3279 μαρτυρίαν
280 3190 390 3309 ψευδή
408 3187 499 3258 εἶναι.
535 3191 590 3259 καὶ
612 3194 642 3257 εί
656 3183 772 3276 μδν’
734 3213 807 3255 τοτε
796 3180 1034 3272 διεπράξαντο
1050 3203 1084 3254 45

50 3284 297 3380 μισθωθῆναι
322 3284 399 3366 τούς
425 3298 553 3376 οἴκους,
579 3283 641 3358 οὐκ
666 3281 708 3355 ἀν
726 3275 809 3355 ἔτι
789 3313 833 3372 ην
849 3276 995 3352 τολσδε’
975 3308 1034 3368 αμ·

50 3386 299 3506 φισβητῆσᾱι
326 3389 391 3457 υύν
418 3383 498 3456 δὲ’
479 3383 843 3507 ἀποχειροτονησάντων
858 3384 926 3453 ταῖν
945 3386 1034 3448 δικα-

49 3514 152 3562 στων
174 3513 226 3564 ως
247 3474 352 3558 Οὖδεν
369 3483 480 3569 αὐτοῖς
497 3489 677 3578 προσῆκεν,
695 3481 774 3554 οὐδὲ
792 3480 1035 3572 ἀμφισβητῆσαι

774 3598 879 3668 6*
