2490 3914
434 132 738 184 ενοτῐιεευιτιε.
803 155 805 160 ,
1002 138 1064 200 157
1117 125 1120 132 ’

147 304 180 356 X.
214 302 316 354 ΠΡΟΣ
336 301 557 352 ΕΤΚΛΕΙΔΗΝ
578 301 670 350 ΠΕΡΙ
691 299 766 350 ΤΗΣ
787 299 863 350 ΤΟΤ
884 299 1030 352 ΧΩΡΙΟΤ

505 381 667 435 ΛΤΣΕΩΣ.

172 495 213 549 12.
248 505 356 564 μικρον
374 474 438 542 6
424 477 487 543 α’νω
506 484 562 546 τού
577 477 765 562 Τρικεφόλου
784 473 865 563 παρολ
881 473 935 560 τὴν
946 475 1064 543 Ἑστίαν

106 559 186 630 ὁδόν.
222 573 352 648 Harpocr.
368 591 392 627 v.
408 565 581 647 τρικέφαλος
598 569 635 646 (p
652 577 711 632 178.
725 571 826 645 Βαλίε..)

172 681 212 734 13.
245 661 300 728 οὐκ
323 658 361 728 όν
385 663 421 727 τὰ
441 667 504 728 ἴδια
525 690 562 728 τα
549 658 717 745 ἐμαυτοῦ.
762 671 891 729 Prisciani
919 671 1006 728 instit.
1020 677 1063 746 117

106 775 131 814 ο.
148 765 182 818 18
195 775 222 832 p.
238 763 280 818 70.
296 755 389 813 Kiehl.

234 937 283 987 XI.
318 935 420 987 ΠΡΟΣ
441 935 663 989 ΕΤΚΛΕΙΔΗΝ
687 933 933 987 ΣΩΚΡΑΤΙΚΟΝ.

170 1047 213 1100 14.
235 1026 351 1096 Ὅτι
319 1057 355 1095 τα
376 1029 623 1135 ἐπικηρυττόμενύ
642 1051 700 1095 τισι
714 1029 849 1113 χρήματα
864 1031 913 1095 ἐπὶ
928 1033 988 1095 τόν
1002 1035 1062 1114 βω-

104 1117 171 1196 μῶν
187 1117 308 1180 ἐτίθετο.
344 1125 473 1203 Ηετροοε.
488 1142 512 1180 v
527 1113 571 1180 ότι
587 1121 623 1198 (p.
641 1130 700 1185 141.
717 1121 817 1196 Beki..)

127 1304 190 1354 XII.
227 1305 329 1356 ’ΥΠΕΡ
351 1303 573 1368 ΕΤΜΑΘΟΤΣ,
599 1304 662 1355 ΕΙΣ
683 1301 924 1354 ΕΛΕΥΘΕΡΙΔΝ
944 1301 1045 1354 AMI-

525 1387 644 1438 ΡΕΣΙΣ.

376 1484 381 1492 ’
487 1497 684 1562 Τπόθεοις

169 1576 246 1640 Εστι
269 1603 312 1646 τις
331 1577 436 1638 Ἰσαίου
458 1579 576 1667 λόγος
559 1581 631 1651 νπὲρ
649 1579 809 1664 Εὐμάθους
830 1586 974 1665 μετοίκου
984 1580 1062 1646 τινὸς

138 1655 195 1704 των
211 1647 467 1733 τραπεζιτευόντων
482 1647 646 1736 Ἀθήνησιν,
666 1641 700 1703 ὃν
718 1647 759 1710 εἰς
772 1644 938 1704 θοολείαν’
919 1649 1063 1732 αγόμενον

138 1713 195 1772 ὐπὸ
212 1721 264 1772 τού
281 1714 442 1788 κληρονομ’
444 1736 544 1780 οαντος
561 1715 612 1772 τόν
623 1715 884 1803 α’πηλενθερωκότα
901 1719 958 1771 των
969 1711 1062 1771 οἰστῶν

138 1780 311 1868 οἱφαιρεῖταί
331 1804 373 1846 τις
395 1739 444 1839 66
466 1781 533 1867 τὴν
543 1778 711 1866 οἷπολογίαν
723 1789 848 1838 ποιεῖται
873 1784 939 1853 περὶ
962 1779 1060 1839 αὐτού.

137 1851 169 1906 τὸ
186 1854 338 1921 προοίμιον
356 1849 388 1905 δέ
406 1847 464 1907 ἔστι
481 1854 533 1906 τού
549 1851 634 1920 λόγου
650 1849 772 1905 τοιόνδε.

165 1987 207 2038 15
231 1969 353 2071 ’Ἀνδρος
371 1972 521 2072 όικαοταί,
542 1964 599 2052 ἐγω
614 1967 823 2052 καὶπρότερον
837 1961 976 2078 Εὐμάθει
991 1991 1060 2030 του
1080 1983 1094 2035 1

102 2081 157 2140 τφι
148 2051 314 2157 ἐγενόμην
329 2051 468 2137 χρήσιμος
476 2101 485 2133 ,
499 2054 550 2116 καλ
565 2056 686 2129 δικαίως
700 2053 803 2114 καλ
765 2077 837 2156 νυν,
853 2055 886 2114 εί
894 2077 922 2115 τι
939 2053 1017 2114 ἔστιν
1029 2051 1061 2113 ἐν

103 2119 191 2236 ἐμοί,
208 2137 381 2240 πειράσομαι
401 2136 560 2213 συοσοίζειν
582 2132 672 2201 αὐτόν
684 2132 764 2240 μεθ’
788 2131 888 2240 ὑμῶν·
918 2161 1010 2219 μικρα
1001 2131 1062 2199 δέ

101 2246 160 2324 μορ
175 2217 328 2292 ὐκούσατε,
344 2225 395 2284 ἵνα
409 2223 510 2322 μηδεὶς
523 2215 692 2326 6606666‘
674 2225 760 2301 υμῶν
776 2215 815 2296 ὧς
829 2219 887 2302 ἐγὼ
905 2224 1061 2305 προπετείᾳ

100 2333 121 2386 η
109 2299 213 2392 αλλη
227 2306 291 2376 τινὶ
308 2303 409 2392 ὐόικίφ
431 2299 504 2386 πρὸς
522 2332 558 2369 τα
549 2301 739 2388 Εὐμάθους
758 2303 914 2406 πράγματα
917 2308 1067 2408 66⁰⁶6²ffl

100 2399 172 2454 θον.
195 2368 454 2496 τριηραρχοῦντος
474 2388 531 2473 γόρ
544 2414 601 2497 μρυ
622 2391 670 2454 ἐπὶ
686 2384 933 2493 Κηφισοδότου”
912 2406 1096 2492 αρχοντος,2

99 2499 154 2536 και
145 2473 259 2578 λόγρν
274 2472 511 2557 ἀπαγγελθέντος
526 2477 599 2557 πρὸς
618 2468 687 2576 τούς
705 2469 875 2550 οίκείοος”
853 2499 892 2548 ως
912 2469 971 2556 όίρα
985 2496 1060 2535 τετε-

101 2554 301 2661 λευτηκός”
268 2583 335 2638 ειην
352 2559 384 2620 ἐν
398 2582 434 2643 τη
422 2562 596 2644 ναυμαχία
602 2604 611 2638 ,
635 2554 726 2658 οὐσης
740 2582 790 2639 μοι
806 2556 1062 2660 παρακαταθήκης

100 2667 162 2724 παρ
166 2636 342 2743 Ἐὐμάθει
360 2646 482 2789 τοντφί,
506 2638 771 2744 μεταπεμψάμενος
792 2636 861 2716 τούς
883 2644 1007 2717 οίκείους
1031 2665 1062 2704 τε

101 2726 154 2788 καλ
169 2727 274 2804 φίλους
292 2721 361 2802 τούς
382 2720 470 2808 ἕμούς
486 2725 670 2826 Εὐμόθηςὲ
671 2723 811 2831 νεφόνισε
831 2721 866 2788 τοὶ
887 2723 1019 2834 χρήματα
1041 2721 1061 2787 6

99 2797 141 2890 ἦν
155 2832 218 2912 μοι
222 2807 292 2893 παρ’
308 2807 390 2898 αὐτῷ
396 2856 405 2890 ‚
427 2835 479 2874 και
471 2803 626 2875 ἀπέδωκε
640 2808 736 2913 6666
751 2806 852 2892 ὀρθῶς
865 2835 917 2872 και
908 2811 1060 2920 όικριίως.

108 2887 176 2956 666'
195 2882 236 2957 ὧν
250 2889 307 2978 ἒγύ
325 2876 434 2970 σωθείς
451 2892 587 2976 ἕχροόμην
600 2919 631 2959 τε
646 2888 727 2981 αὐτην
715 2895 788 2958 ku
798 2898 927 3000 μαλλον
941 2895 993 2958 καὶ
1007 2919 1060 2956 κα-
1079 2911 1096 2964 3

99 2981 339 3080 τασκευαζομίνφ
356 2976 416 3082 τὴν
435 2980 582 3084 τράπεζαν
613 2960 883 3083 προσείσευττορησα
909 2975 1061 3062 ἀργυρίου,

99 3063 152 3124 καλ
164 3057 235 3143 μετὰ
248 3067 340 3127 ταύτα
343 3059 474 3165 όίγοντος
489 3058 579 3127 αὐτόν
593 3067 754 3128 Διονυσίου
768 3062 919 3168 ἐξειλόμην
930 3065 971 3138 εἰς
982 3063 1059 3125 ἐλευ-

99 3151 222 3248 θερίαν,
239 3141 321 3224 είόιός
335 3141 495 3251 ἀφειμένον
510 3148 542 3211 ἕν
557 3174 598 3236 τφ
585 3143 824 3234 ὃικαστηρίφ
807 3144 867 3211 υπὸ
881 3142 1059 3228 Ἐπιγένους.

99 3224 174 3293 ἄλλα
195 3233 261 3312 περὶ
284 3232 338 3312 μὲν
361 3231 473 3296 τούτων
501 3213 654 3348 ἔπισχήοω.
693 3241 801 3315 Dionys
833 3236 892 3295 Hal.
916 3237 986 3312 Vp
1009 3243 1061 3298 592

101 3321 324 3384 0011.596..R

157 3341 237 3483 16
228 3411 364 3496 ’Ἐβλαψέ
374 3440 410 3496 με
421 3417 568 3497 Ξενοκλῆς
578 3411 759 3497 ἀφελόμενος
769 3411 919 3498 Εὐμόθην
930 3412 1045 3488 είςὲλευ
