2490 3914
111 176 138 226 p.
156 157 198 212 ω.
316 159 407 209 nm
424 156 501 208 νον
518 154 681 210 muoz*
698 154 861 208 ωετεου.
945 135 947 142 ’
1005 162 1067 225 103

111 326 334 418 ἀποθνήσκων
350 329 541 416 κατέλιπεν,
558 323 638 416 ἡμῖν
657 328 694 397 δὲ
710 326 846 407 τούτους
863 325 939 408 τούς
949 325 1067 398 κινδύ-

110 435 190 511 νους
209 428 350 520 ἐπάγων,
368 433 425 498 ἵνα
441 429 546 517 μηδὲν
563 424 713 520 ἀποδιδῷ
728 426 872 518 τούτων,
897 425 954 498 έάν
971 423 1067 518 ὑμεῖς

112 533 338 618 ἐξαπατηθῆτε
354 531 547 608 πεισθέντες
564 523 629 598 ύπδ
641 531 714 599 ’των
729 527 850 598 τούτου
866 527 982 617 λόγων.
1016 534 1070 598 δελ
1083 547 1101 596 4

112 627 154 718 δὴ
171 628 298 701 τούτων
315 633 450 700 τοιαύτα
466 631 712 720 μηχανωμένων
728 626 833 699 πάνθ’
850 625 936 719 ύμαῖς
953 626 993 699 τά
1009 655 1066 699 πε-

110 733 284 822 πραγμένα
305 742 445 820 μαθεῖν,
473 735 530 800 ἵνα
552 726 700 819 μηδέν’
680 726 901 818 αγνοήσαντες
922 733 989 800 τῶν
1012 757 1066 817 γε·

109 832 302 920 νενημένων
323 827 405 900 άλλά
428 850 542 919 σαφως
571 829 692 910 είδότες
694 832 792 952 περὶ
813 826 939 918 αύτων,
961 857 1067 952 ομτως

111 928 323 1020 ἐνέγκητε
286 959 347 1020 την
368 934 490 1052 γῆμον.
532 940 566 999 εί
578 958 643 1000 τινι
665 920 728 1000 οὖν
749 932 806 999 καὶ
828 928 911 1020 άλλη
935 928 1067 1000 πώποτε
1172 1009 1173 1014 1

112 1037 189 1121 δίκη
206 1033 405 1124 προσέσχετε
416 1027 610 1152 ορκριβως
576 1059 634 1100 τον
651 1034 749 1120 νούν,
769 1025 919 1153 δέρμαι
898 1057 996 1120 νμωυ
1009 1032 1067 1101 καὶ

108 1129 215 1221 ταύτῃ
233 1127 438 1223 προσέχειν
422 1139 564 1250 ομοίως,
579 1128 690 1222 ωσπερ
707 1128 818 1200 καὶ
784 1139 875 1202 τοί
840 1129 970 1201 δίκαιόν
988 1133 1065 1202 ἐστι.

108 1235 242 1302 πολλάν
273 1232 310 1302 δὲ
339 1235 441 1355 δικώγ
465 1235 501 1302 ἐν
522 1259 563 1321 τη
586 1231 681 1301 πόλει
703 1233 907 1321 γενομένων,
930 1227 1067 1354 οὐδένες

106 1329 344 1424 ἀναιδέστερον
366 1331 494 1403 τούτων
516 1328 597 1402 οὐδὲ
618 1328 942 1455 ματαφανέστερον’
923 1358 1068 1402 αντιποι-

108 1431 267 1522 ησάμενοι
290 1431 496 1522 φανήσονται
519 1460 587 1503 των
608 1429 796 1523 ἀλλοτρίων.
838 1439 905 1501 ἔστι
928 1422 1048 1521 μὲν
1006 1455 1102 1507 ουιθ

106 1533 269 1623 χαλεπόν,
306 1562 332 1603 ω
366 1531 541 1656 άγδρες,
538 1528 621 1622 πρδς
650 1529 859 1624 παρασκευάς
882 1530 989 1621 λόγων
1011 1535 1067 1616 καλ

106 1632 276 1725 μάρτυρας
298 1630 339 1705 ού
361 1631 490 1722 τάληθὴ
507 1637 754 1724 μαρτυρούυτας
778 1630 861 1714 εἰς’
841 1637 955 1721 αγιὸυα
971 1640 1069 1704 καθί-

105 1746 252 1805 στασθαι
269 1737 345 1826 περὶ
361 1733 581 1823 τηλικούτων,
598 1732 807 1805 παντάπασιν
823 1730 965 1824 ἀπείρως
978 1741 1068 1823 ἔχον·

105 1863 149 1904 τα
174 1841 408 1926 δικαστηρίων·
437 1831 479 1904 ού
501 1832 568 1925 μὴν
589 1829 672 1904 άλλά
694 1832 815 1915 πολλάς
839 1837 974 1915 έλπίδας
1004 1841 1067 1923 έχω

106 1937 165 2004 καὶ
183 1931 263 2026 παρ’
287 1931 383 2025 ὑμῶν
404 1934 579 2065 τεύξεσθμι
602 1939 669 2005 τω”ν
687 1941 827 2006 δικαίων
845 1937 1011 2026 καὶμέχρι
1028 1962 1068 2057 γε

51 2041 55 2048 ’
105 2038 172 2104 τού
186 2033 227 2104 τά
246 2041 357 2105 δίκαια
374 2043 481 2106 εἰπεῖν
499 2039 553 2159 κριι
572 2032 670 2116 αὐτὸς
687 2032 876 2127 ἀρκούντως
895 2029 1046 2126 έρείν,’“
1026 2063 1069 2103 αν

103 2133 153 2224 μή
172 2164 203 2206 τι
220 2139 333 2226 συμβῇ
349 2141 498 2206 τοιούτω
515 2133 535 2206 δ
550 2140 616 2207 νύν
628 2131 676 2206 ύπ
680 2131 790 2256 ’ἐμοῦ
801 2134 957 2224 τυγχάνει
968 2156 1069 2226 προσ·

105 2234 309 2326 δοκοὶμενον.
352 2227 531 2360 δέομαι
489 2265 552 2307 ουν
573 2233 686 2348 ύμωυ,
712 2265 737 2305 ω
726 2227 898 2327 ἄνδρες,
924 2232 993 2325 μετ’
1015 2232 1069 2304 εύ·

103 2345 201 2418 νοίας
212 2339 251 2406 τέ
265 2365 329 2426 μου
342 2333 492 2425 άκούσαι,
512 2333 575 2407 κάν
587 2325 768 2425 ἦδικησθαι
782 2340 882 2426 δοκω,
901 2339 1073 2424 βοηθῆσαί

103 2467 162 2527 μοι
179 2466 221 2507 τα
209 2435 359 2507 δίκαια.

183 2542 325 2628 Πρωτον
341 2529 463 2629 μέν
420 2565 500 2627 ουν,
525 2566 569 2618 ως
586 2567 629 2625 ην
645 2566 666 2626 η
684 2566 789 2628 μητηρ
806 2565 827 2624 η
843 2534 898 2626 ’μη
887 2534 1067 2624 Κέρωνος
1085 2551 1103 2605 6

101 2637 260 2731 θυγάτηρ
276 2647 413 2728 γνησία,
434 2641 585 2722 ἐπιδείξω
602 2642 699 2708 τούτο
715 2633 813 2727 ύμῖν,
831 2635 871 2706 τά
887 2637 949 2726 μέν
966 2633 1069 2707 πάλαι

101 2741 311 2828 γεγενημένα
332 2739 442 2829 λόγων
464 2735 550 2828 άκοῇ
571 2740 626 2808 καὶ
649 2736 844 2828 μαρτύρων,
866 2733 907 2806 τά
930 2732 963 2805 δ’
984 2733 1089 2806 ὥστε·

102 2842 163 2910 καὶ
180 2839 465 2929 μνημονεύεσθαι,
490 2855 559 2921 τοῖς
577 2835 682 2908 είδόσι
704 2836 870 2930 χράμενος
893 2835 1067 2928 μάρτυσιν,

102 2947 152 3010 ἔτι
180 2941 218 3010 δὲ
240 2948 425 3032 τεκμηρίοις
448 2936 471 3010 δι’
492 2947 629 3031 κρείττω
652 2941 720 3010 τοῖν
747 2941 937 3030 μαρτυριῶν
962 2942 1067 3008 έστιν·

102 3037 248 3121 έπειδάν
268 3040 306 3110 δὲ
329 3045 436 3110 ταύτα
459 3037 591 3132 φανερά
614 3037 825 3128 καταστήσω,
849 3035 924 3109 τόθ’
949 3033 994 3118 ὥς
1011 3039 1069 3108 καὶ

100 3151 327 3231 κληρονομεῖν
344 3145 469 3230 μᾶλλον
485 3137 567 3232 ἡμῖν
583 3135 605 3229 ἢ
622 3145 741 3212 τοῦτον
758 3138 916 3232 προσήκει
933 3141 1068 3208 ταῖνΚί-

100 3269 214 3334 ρωνος
230 3240 414 3331 χρημάτων.
449 3239 532 3312 ὅθεν
550 3232 612 3312 ούν
629 3237 770 3333 ἤρξαντο
778 3241 860 3336 περὶ,
875 3235 998 3328 αὐτων,
1018 3241 1068 3308 έν-

100 3345 231 3414 τεύθευ
248 3338 333 3431 ὑμεῖς
351 3338 442 3428 κάγεδ
460 3340 656 3431 πειράσομαι
674 3339 846 3411 διδάσκειν
1234 3331 1236 3397 λ

178 3439 216 3514 ‘0
233 3439 296 3533 γάρ
313 3441 445 3522 πάππος
467 3437 484 3510 ὁ
504 3441 596 3532 έμός,
620 3432 648 3511 οἷ
669 3437 805 3532 ἄνδρες,
829 3449 945 3530 Κίρων
969 3445 1102 3530 ἔγημεν
1233 3527 1235 3532 Α
