2490 3914
185 122 250 205 ‘92
353 151 358 166 ·
455 116 458 127 '
623 131 752 189 umor
1072 137 1122 191 οι.
1140 142 1165 194 ι.

127 267 130 274 ⁴
173 325 291 400 θριον.
337 305 540 400 ἐξεύπύρον
565 335 602 378 τε
626 229 824 431 ἀπορωτέρρο
849 309 1057 404 γεγενημένῳ
1088 333 1166 383 συν-

211 406 324 500 διῴκει
339 437 380 479 τα
369 407 469 479 έκεί
454 417 546 498 ίνου,
564 405 763 498 μεταδιδούς
781 436 829 478 ων
848 405 945 497 εἶχεν.
982 415 1030 490 ες
1046 409 1166 504 Κοριν-

208 481 274 580 θύν
297 535 333 578 τε
354 508 594 602 στρατεύεσθαι
615 511 761 599 μέλλων,
790 519 824 578 εί
836 536 868 577 τι
890 506 1010 598 πύθοι,
1036 513 1166 584 διέθετο

208 607 286 696 την
279 606 407 681 ούσίαν
428 612 483 679 καὶ
508 616 612 682 ἔδωκε
634 637 675 699 τη
662 611 830 680 ἐκείνου
847 608 909 733 μέν
924 616 1121 732 θνγατρί,έ
1120 616 1167 703 μῇ

209 709 383 801 δέμητρί,
409 739 514 781 αυτον
537 711 575 781 δ
590 707 743 833 ἀδελφῇ,
770 706 885 793 διδούς
908 704 1014 798 αύτην
1035 721 1165 802 Λακρα-

206 816 284 900 τίδη
318 838 363 904 τῳ
393 813 458 881 νύν
470 808 661 933 ιεροφύντη
684 811 901 936 γεγενημένῳ.
952 813 1100 892 τοιοῦτος
1123 803 1166 900 ἦν

208 913 334 991 έκεῖνος
361 905 480 1002 περὶ
460 914 545 1000 ημοῖς
572 908 650 990 τούς
675 907 749 994 ίξ’
729 913 832 1000 αρχῆς
856 906 960 982 αύτδν
984 909 1162 994 σώσαντας.

157 1024 191 1076 10
208 1039 253 1092 ως
272 1007 304 1079 δ’
323 1007 435 1100 ἄληθῆ
444 1013 547 1102 λέγω,
565 1013 621 1081 καί
634 1015 671 1080 δί
656 1018 729 1091 ίκας
747 1006 835 1081 εἶλεν
852 1007 1001 1088 Εύπολιν
1014 1009 1141 1101 δύο,
1104 1041 1165 1100 την

207 1111 270 1200 μέν
288 1113 462 1201 ἐπιτροπῆς
479 1109 540 1200 τὴν
553 1113 591 1182 δὲ
607 1105 820 1200 ἡμικληρίου),
838 1114 901 1180 τού
916 1107 1052 1186 πάππου
1064 1132 1165 1201 συνη-

206 1215 413 1301 γωνισμένου
436 1214 492 1282 καί
515 1215 683 1300 λέγοντος,
705 1208 747 1280 τύ
768 1237 804 1279 τε
827 1209 977 1334 χρήματα
993 1214 1164 1300 ἐκομίσατο

205 1307 254 1382 δι’
279 1306 364 1402 ημοῖς
387 1314 443 1382 καὶ
468 1311 590 1394 ταύτας
612 1308 670 1392 τοὶς
688 1308 821 1401 χάριτας
843 1305 924 1401 ἡμῖν
941 1306 1164 1402 ύντωτέδωκε,

205 1410 334 1484 τούτων
355 1415 502 1506 πρῶτον
510 1412 671 1501 βούλομαι
693 1412 922 1536 παρασχέσθαι
943 1408 1022 1492 τούς
1043 1410 1165 1539 μύρτο-

113 1588 114 1603 ,
206 1541 274 1605 ρας
309 1520 380 1584 Καί
393 1541 449 1603 μοι
467 1510 560 1583 κύλει
578 1515 679 1602 δεύρο
697 1508 830 1592 αύτούς.

582 1675 790 1727 ΜΔΡΤΤΡΕΣ.

154 1827 215 1882 11
281 1817 413 1906 Λλμὶυ
438 1803 502 1885 ούν
528 1811 607 1902 παρ’
625 1809 721 1903 ἡμων
739 1808 926 1904 εὐεργεσίαι
942 1816 1093 1884 τοιούτω
1110 1817 1165 1883 καλ

203 1919 396 2003 τηλικαῦται
418 1943 455 1985 το
445 1912 617 2003 μέγεθός
637 1922 736 1984 εἰσιν
762 1919 799 1982 αί
784 1913 852 1982 ίδδ
868 1939 950 2035 πρρς
966 1917 1098 1984 ἐκεῖνον
1116 1921 1165 2002 έχ-

202 2027 285 2105 θραι
302 2018 379 2138 περὶ
396 2013 565 2085 τοσούτων
581 2012 757 2106 χρημάτων
778 2003 881 2102 ἦσαν,
907 2009 946 2095 ἃς
964 2011 1027 2102 ούχ
1043 2009 1163 2084 οἷύν’
1134 2041 1152 2083 τ

204 2111 361 2184 εἰπεῖν
338 2143 382 2196 ως
409 2113 607 2186 διελύσαντο
633 2117 757 2184 καὶί
714 2122 806 2203 φίλοι
834 2115 1000 2237 έγένρντο.
1037 2111 1166 2232 μεγάλα

202 2211 267 2304 γὰρ
283 2214 443 2306 τεκμήρια
460 2212 573 2284 αὐτῶν
592 2218 694 2286 ἐστιν
712 2211 859 2294 Εύπολις
876 2212 940 2305 γὰρ
958 2210 1050 2306 αύτμ
1037 2218 1167 2283 δυοῖν

202 2317 400 2404 θυγατέρων
425 2310 537 2384 ούσοῖν
563 2317 619 2387 καὶ
647 2318 683 2384 έκ
708 2317 775 2385 τοῖν
801 2309 913 2384 αύτοῑν
938 2311 1084 2402 γεγονοδς
1109 2316 1166 2384 καὶ

202 2410 349 2504 χρήμαθ’
374 2409 463 2504 ὀροῖν
486 2417 701 2504 κεκτημένον,
725 2411 906 2504 οὐδετέραν
928 2410 1021 2507 αύτῷ
1037 2413 1167 2484 τούτων

152 2531 185 2584 12
202 2519 315 2584 ἔδωκε.
351 2521 458 2585 καίτοι
477 2518 634 2588 δοκοῦσιν
657 2519 824 2604 έπιγαμίαι
849 2512 963 2584 καὶ
921 2543 966 2604 μη
990 2530 1168 2602 συγγενεῖς
1223 2509 1224 2531 ’

201 2610 326 2706 ανδρας
343 2611 427 2685 ἀλλά
444 2617 500 2685 καὶ
516 2612 594 2738 τρύς
610 2614 769 2704 τυχόντας
786 2611 1005 2688 ἀπαλλάττειν
1021 2613 1167 2702 μεγάλης
1222 2639 1223 2725 9

203 2712 434 2806 διαφορᾶς,“
414 2744 494 2786 οταν
520 2744 541 2784 α
535 2713 641 2806 περὶ
668 2723 823 2786 πλείστου
854 2715 1038 2803 ποιοῦνται,
1070 2709 1166 2783 ταῦτ’
1221 2777 1222 2784 ,

201 2810 354 2902 ιἰλλήλοις
379 2819 607 2908 ἐγχειρίζωσιν.
652 2813 713 2886 εἶτ’
738 2807 803 2887 ούν
820 2813 967 2896 Εὔπολις
990 2817 1168 2903 γεγένηται

201 2925 305 2997 αῖτιος
322 2945 367 3006 μη
398 2920 517 2989 δούναι
535 2923 730 3005 βουληθείς,
756 2911 816 2986 εἰτ’
838 2912 1085 3005 Ἀπολλύδωρος
1111 2923 1168 2982 λοι-
1220 2977 1221 2980 ,

200 3021 276 3100 δεῖν
309 3015 353 3105 μὴ
384 3017 562 3106 ἐθελήσας,
592 3013 650 3097 τοὶς
673 3024 812 3107 ἔχθρας,
841 3012 892 3086 ὅτι
917 3018 1106 3103 διέμειναν,
1130 3011 1168 3082 τό

202 3121 300 3206 ἔργον
318 3117 496 3207 δεδήλωκε.

151 3232 184 3286 13
276 3219 343 3288 Καὶ
361 3220 437 3308 περὶ
449 3218 577 3306 μεντης
590 3220 729 3288 ἐκείνων
744 3221 903 3309 διαφορᾶς
923 3212 1060 3296 ἱκανούς
1078 3213 1170 3284 εἶναι

200 3324 322 3406 νομίζω
348 3320 404 3387 καὶ
429 3314 507 3397 τούς
534 3320 727 3409 εἰρημένους
752 3317 889 3406 λόγους·
920 3318 997 3387 οἶδα
1022 3313 1088 3404 γὰρ
1116 3310 1170 3384 ὅτι

200 3419 258 3486 καὶ
279 3411 376 3505 ύμεῖν
397 3413 469 3487 ὅσοι
492 3416 710 3510 πρεσβύτεροι
732 3418 998 3509 μνημονεύουσιν
1020 3414 1071 3487 ὅτι
1098 3417 1171 3504 fyl-
