2490 3914
75 170 101 220 p.
118 149 160 201 89.
295 143 385 200 ΠΕΡΙ
402 145 479 198 ΤΟΤ
495 146 634 200 ΑΓΝΙΟΤ
651 149 815 201 ΚΔΗΡΟΤ.
967 158 1029 218 147

77 325 181 406 δείξω.
217 321 349 410 πριὸτον
371 319 433 408 μὲν
449 308 512 390 οὖν
528 315 568 388 τὰ
584 321 641 407 τῆς
658 315 773 441 ρδσίας
786 323 931 411 διέξειμι,
949 292 1064 412 μετδιέκ

77 425 114 494 δέ
130 424 233 492 ταῦτα
250 415 295 502 ὥς
312 423 368 490 καλ
386 425 525 490 διοικεῖν
540 415 672 503 ἀξιοῖ
636 449 677 490 τα
692 449 752 491 του
739 421 895 504 παιδός.

50 571 53 582 ·
150 517 355 644 Στρατοκλεῖ
368 517 432 612 γὰρ
444 517 541 610 ιιᾶμολ
558 548 598 589 τα
586 517 675 610 μὲν
686 515 877 611 ὑπάρξαντα
894 528 1029 617 πατρῷα

74 605 219 692 τοσαῦτα
243 611 302 711 ἦν,
330 617 414 693 ὥστε
440 619 544 692 εἶναι
534 621 604 710 μὲν
631 620 743 710 ἱκανοὶ,
771 631 975 714 λειτουργεῖν
993 626 1030 694 δὲ

74 751 120 812 μη
110 720 219 806 ἄξια.
255 720 430 812 τεκμήριον
457 724 508 792 δέ
528 731 632 792 εῖκοσι
657 724 741 811 μνᾶς
760 721 910 815 ἑκάτερος
935 719 1030 813 ἡμῶν

76 826 189 893 ἐπὶ
146 851 188 914 τη
204 825 339 911 γυναικὶ
361 839 482 914 προῖκα
499 821 612 912 ἐλαβε,
636 820 778 910 τοσαύτη
803 824 840 893 δὲ
857 822 1007 914 προλξ’
967 853 1031 895 ουκ

74 917 118 994 δν
136 931 182 1005 είς
200 921 325 1013 πολλήν
341 951 416 994 τινα
432 917 552 993 οὐσίαν
570 927 695 1011 δοθείη.
726 926 850 1013 συνέβη
869 926 906 995 δὲ
922 937 1030 1012 Στρα·
1046 941 1080 993 41

73 1033 186 1095 τοκλεῖ
200 1021 283 1115 πρδς
299 1040 367 1105 τοῖς
383 1015 570 1114 ὑπάρχουσι
586 1017 720 1113 πλέονῆ
737 1020 836 1095 πένθ’
855 1020 1031 1114 ἡμιταλάν-

73 1153 142 1195 των
157 1121 277 1195 οὐσίαν
294 1130 423 1213 λαβεῖν’
448 1125 588 1213 Θεοφσῐν
610 1120 673 1214 χδιρ
690 1119 708 1194 ὁ
724 1127 782 1213 της
799 1123 954 1213 γυναικὸς
972 1124 1030 1198 αδ-

12 1235 13 1238 ’
73 1228 136 1295 τοῦ
150 1222 293 1314 ἀδελφὸς
303 1269 306 1274 <
316 1221 540 1313 ἀποθνήσκων
562 1223 736 1313 ἐποιήσατο
752 1228 820 1296 τοῖν
835 1230 1031 1319 θυγατέρων

74 1321 248 1396 αὐτοῦί
206 1333 305 1416 μίαν,
334 1327 389 1396 καί
417 1323 476 1396 τόν
503 1321 540 1395 θ’
569 1319 673 1396 αὑτοῦ
702 1331 827 1396 ἐδωκευ
848 1322 973 1497 ἆχρδνῖ
973 1326 1031 1399 τὸν

68 1422 233 1497 Ἐλευσῖνι
251 1433 348 1497 δυοῖν
365 1423 554 1514 ταλάντοιν,
581 1423 728 1517 πρόβατα
746 1423 973 1549 εξχκουτα,αἶ
937 1456 1031 1516 αγας

74 1525 210 1616 ἑκατόν,
230 1533 367 1616 ἔπιπλα,
391 1532 494 1597 ἵππον
511 1523 661 1650 λμμπρὸν
680 1524 733 1616 ἐφ’
752 1555 793 1598 ου
778 1517 1029 1651 ἐφμλολρχησε,

72 1625 184 1698 καὶ
147 1657 209 1716 την
234 1624 338 1716 ἄλλην
355 1624 562 1716 κατασκευὴν
579 1623 727 1716 ἅπασαν,
753 1655 793 1716 ης
818 1626 931 1719 u69w9
951 1633 1030 1700 ἐκεῖ·
1048 1639 1082 1690 42

70 1757 132 1810 νος
149 1726 326 1817 γενόμενος
352 1731 448 1798 ἐννέα
474 1734 529 1815 ἐτη
545 1724 606 1798 ὅλα
622 1731 775 1799 κατέλιπε
800 1731 898 1799 πέντε
914 1729 1077 1800 ταλάν-

71 1857 142 1900 των
158 1825 277 1900 οὐσίαν
293 1830 349 1898 καὶ
365 1837 555 1919 τρισχιλίων
550 1832 727 1950 δραχμῶν
744 1825 893 1911 οὖντοῖς
912 1859 1032 1900 εαυτου

73 1929 253 2023 πατρῴοις,
280 1932 380 2021 χωρὶς
398 1918 564 2017 ἐκείνης
541 1957 580 2018 ης
598 1932 738 2018 Θεοφων
755 1958 795 2052 τη
783 1927 1015 2021 θνχατρλ’
973 1960 1031 2000 αυ-

73 2059 133 2100 του
121 2027 329 2119 ἐδωαεν,’
310 2025 414 2121 αγρὸν
431 2031 493 2120 μὲν
510 2031 628 2120 Θριᾶσι
646 2027 746 2100 πένθ’
765 2025 1014 2121 ἡμιτάλαντα’
978 2059 1029 2101 εν

74 2138 247 2222 ρίσκοντα,
271 2135 381 2202 οίκίαν
405 2132 442 2200 δέ
464 2137 594 2220 Μελίτη
616 2138 805 2220 τρισχιλίων
829 2133 1030 2222 ἐωνημένην,

73 2229 179 2321 α’λλην
198 2233 235 2301 δέ
250 2227 412 2302 Ἐλευσῖνι
434 2238 668 2301 πεντακοσίων.
714 2228 900 2321 ἐδάφημέν
916 2236 1029 2322 ταῦτα,

74 2329 135 2422 ἀφ’
165 2322 213 2403 οἷν
238 2327 259 2420 ἡ
285 2340 447 2421 μίσθωσις
472 2333 534 2401 τοῦ
556 2331 618 2420 μέν
643 2326 751 2422 ἄχροιῖ
783 2330 913 2403 δώδεκα
937 2349 1029 2423 μναῖ,

73 2462 141 2504 των
166 2434 203 2503 δέ
228 2433 343 2503 οίκιων
368 2447 473 2521 τρεῖς,
500 2439 536 2500 αἳ
560 2438 795 2503 πεντεκαίδεκα
811 2449 894 2522 μναῖ
908 2455 1031 2556 συναμ-

73 2533 199 2624 φότερα
228 2542 413 2621 μίγνυνται·
445 2534 524 2653 χρέα
556 2527 587 2601 δ’
616 2530 731 2600 ἐπέ’
693 2560 801 2613 τοκοις
830 2529 1032 2622 ὀφειλόμενα

73 2637 150 2725 περὶ
171 2639 447 2724 τετρακισχιλίας,
472 2621 520 2702 ὦν
542 2627 578 2701 ιδ
602 2636 758 2722 ἐρχονέπ
734 2628 886 2704 π’ἐννέα
901 2630 1031 2721 ὀβολοῖς

74 2731 265 2804 ἑπτακόσιαι
290 2736 344 2804 καὶ
372 2743 475 2803 εῖκοσι
494 2734 634 2823 δραχμαί
658 2741 829 2821 μίμνοντα
846 2763 904 2804 του
894 2736 1031 2804 ἐνιαυ-

16 2839 19 2846 ’
73 2837 135 2904 τοῦ
154 2832 301 2904 ἑκάστου.
330 2834 492 2925 πρόσοδος
506 2829 628 2956 μέν”
584 2861 668 2920 αντη
687 2831 747 2903 δυο
765 2837 819 2905 καὶ
833 2845 935 2905 εἴκοσι
952 2851 1034 2925 μναῖ
1048 2844 1082 2897 43

73 2936 130 3004 καλ
148 2932 244 3025 πρός
270 2937 370 3024 χωρλς
397 2936 434 3004 δὲ
459 2931 588 3004 τούτων
604 2938 777 3005 κατέλιπεν
803 2941 934 3024 ἔπιπλα,
952 2935 1030 3027 πρό-

74 3043 177 3123 βατα,
195 3032 331 3125 κριθάς,
349 3031 487 3123 ολνον,’
470 3032 619 3126 οποὸρας,
646 3025 724 3118 ἐξ
696 3062 744 3106 ων
762 3035 964 3125 ἐνεπόλησαν
981 3064 1031 3106 τε·

74 3141 295 3257 τραιιισχιλίας
327 3139 535 3258 ἐννακοσίρις
569 3141 615 3204 ἐτι
649 3135 686 3204 δέ
713 3142 810 3207 ἔνδον
838 3140 1031 3218 ἐνυακοσίας

76 3234 230 3327 δραχμάς.
274 3233 355 3326 πρὸς
383 3236 419 3304 δὲ
435 3264 563 3317 τουτοις
582 3238 614 3318 ἐξ
632 3234 759 3325 ἐράνων
776 3233 1018 3326 ὀφλήματασ
967 3244 1018 3307 είσ
1017 3278 1031 3288 -

74 3339 305 3427 πεπραγμένα,
337 3338 457 3426 μικροῦ
483 3335 622 3415 δεούσας
644 3345 749 3425 χιλίας
772 3336 933 3429 δραχμάς,
950 3366 1032 3428 μοιρ-

73 3435 186 3529 τύρων
205 3441 356 3509 ἐναντίον
373 3432 394 3526 ἡ
412 3435 517 3527 μήτηρ
528 3433 649 3526 αὐτοῦ,
666 3440 728 3508 τοῦ
745 3436 873 3528 παιδός,
891 3433 1032 3530 ἆπεμρά·

817 3552 879 3612 λθ*
992 3587 999 3600 ι
