2490 3914
174 138 215 200 ης
369 144 371 148 ·
584 129 713 184 εεεῑον
1036 131 1087 182 02.
1104 130 1130 184 ο.

80 363 86 379 ,
172 299 254 426 ὑμῖν
269 304 374 424 ταῦμα
399 299 730 422 μεμαρτυρηκότας.
740 297 794 370 ὅτε
811 298 874 391 γάρ
892 306 929 370 αί
942 298 1130 393 ἀνακρίσεις

172 393 260 491 ἦσαν
276 398 357 493 πρός
382 404 430 495 τῷ
455 399 588 493 ἀρχοντι
614 390 730 471 καὶ
686 429 779 472 ουτοι
797 399 1110 525 πριρακατέβαλον
1086 431 1129 484 ας

172 500 262 626 ὑπὲρ
283 471 431 626 γνησίων
455 499 557 573 τοῖνδ’
584 498 831 626 Εὐκτήμρνος”
812 530 936 591 οντων,
964 501 1129 595 έρωτιόμε·

172 634 225 675 νοι
241 600 304 693 αφ’
322 599 416 693 ήμῶν
432 611 483 684 τίς
502 613 553 691 εῖη
570 599 683 672 αὐτοῖν
693 600 800 693 μήτηρ
810 599 902 673 καλ”
882 630 960 674 υτον
977 601 1148 724 θυγάτηρ·

104 791 105 798 ¹
172 701 234 828 ράκ
252 704 341 794 εἶχον
357 700 538 793 ἀποδεῖξαι,
559 699 906 794 διαμαρτυρομένων“
887 731 981 828 ημων
998 708 1054 774 καὶ
1070 707 1131 774 τοά

156 803 327 896 ἀρχοντος
353 803 545 884 κελεύοντος
571 801 814 894 ἀποκρίνασθαι
837 801 919 875 κατά
935 802 993 875 τόν
999 803 1128 946 νόμον.

172 903 316 976 καίτοι”
295 930 433 994 ατοπον,
461 933 488 974 ω
475 894 641 996 ἀνδρες,
667 901 944 994 ἀμφισβητεῖνὲ
904 935 927 995 μ
945 936 965 976 ν
984 901 1027 986 οἱς
1028 901 1145 1028 ὑπὲρ,
1232 943 1233 946 “

171 1013 319 1095 γνησίων
341 1009 397 1076 καὶ
421 1011 673 1097 διαμαρτυρεῖν,
697 1008 820 1096 μητέρα
845 1002 927 1074 δὲ”
905 1034 926 1093 η
949 1034 996 1086 τις
1019 996 1063 1094 ήν
1084 1004 1130 1096 μή

172 1113 260 1195 ἔχειν
285 1102 473 1196 ἀποδεῖξαι,
505 1107 590 1196 μηδὲ
618 1104 825 1196 προσήκοντα
850 1103 963 1187 αὐτοῖς
992 1109 1128 1196 μηδένα.

123 1220 154 1273 13
171 1203 254 1277 ἀλλά
271 1205 344 1277 τότε
361 1208 423 1296 μὲν
434 1215 588 1297 Λημνίαν
600 1205 803 1296 σκηψάμενοι
820 1205 944 1295 ταύτην
962 1203 1130 1296 ἀναβολήν

174 1306 382 1396 ἐποιήσαντο·
410 1306 446 1379 τό
475 1304 506 1376 δ’
533 1304 674 1398 ὕστερον
700 1303 849 1430 ήκρντες
853 1305 953 1388 εἰς
916 1336 978 1396 την
995 1304 1130 1398 ἀνάκρι-
1232 1369 1233 1394 ,

172 1432 242 1499 σιν,
269 1411 349 1502 πρὶν
375 1417 434 1479 καί
447 1438 521 1479 τινα
531 1411 688 1532 ἐρέσθαι,
717 1405 820 1488 εάθυς
839 1405 993 1497 ἔλεγον
973 1437 1023 1484 οτι
1041 1417 1131 1478 Καλ-
1232 1421 1233 1442 ¹

172 1518 275 1598 λίππη
292 1508 415 1600 μήτηρ,
442 1505 577 1598 αὕτηδ’
606 1519 656 1598 εῖη
673 1510 874 1591 Πιστοξένου
890 1507 1059 1629 θργάτηρ,
1085 1537 1133 1590 ως
1232 1601 1233 1606 ¹

172 1613 346 1702 ἐξαρκέσον
373 1609 446 1681 est
426 1639 531 1700 ονομα
555 1607 658 1700 μόνον
683 1616 872 1700 πορίσαιντο
897 1606 956 1679 τόν
973 1607 1131 1692 Πιστόξε·

170 1739 239 1782 νον.
277 1714 441 1802 ἐρομένων
460 1707 492 1779 δ’
519 1705 612 1800 ἡμῶν
629 1705 717 1791 ὅστις
735 1721 786 1798 εῖη
804 1712 859 1781 καὶ
877 1717 908 1779 ελ
924 1713 963 1800 ζῇ
978 1704 1001 1797 ἢ
1017 1708 1073 1799 μή,
1094 1714 1132 1780 έν

169 1820 308 1904 Σικελίᾳ
334 1818 461 1900 ἔφασαν
486 1807 671 1882 ἀποθανεῖν
696 1809 972 1901 στρατευόμενον,
999 1820 1131 1882 καταλι-

99 1921 101 1930 ’
170 1911 276 1983 πόντα
292 1910 416 2000 ταύτην
433 1915 602 2003 θυγατέρα
619 1908 765 2004 παράτῷ
780 1907 986 2030 Εὐκτήμονι,
1007 1915 1132 1994 έξέπι·

169 2015 412 2102 τροπευομένης
438 2013 475 2082 δὲ
497 2011 603 2106 τούτῳ
627 2015 801 2101 γενέσθαι,
819 2015 953 2104 πρᾶγμα
970 2010 1131 2083 πλάττον-

169 2140 223 2193 τες
249 2109 402 2183 ἀναιδεία
427 2108 642 2235 υπερβάλλον
655 2115 710 2182 καὶ
726 2108 803 2182 ουδ’
823 2107 1110 2235 ἐγγενόμενον,
1085 2141 1134 2192 ως

171 2209 272 2301 έγοδ
252 2231 334 2302 υμῖν
350 2209 512 2302 ἀποφανω
500 2216 566 2283 έκ
583 2211 710 2283 τούτων
724 2239 854 2303 πρωτον
872 2203 920 2283 τόν
938 2209 1071 2282 αότοῖ’
1050 2239 1133 2282 απε-

120 2331 153 2382 14
170 2321 335 2403 κρίναντο.
371 2341 411 2402 τη
399 2311 585 2403 μὲνγὰρ
611 2316 762 2404 στρατιᾷ,
788 2310 847 2403 ἀφ’
866 2342 906 2385 ου
934 2317 1133 2396 ἐξέπλευσεν

96 2444 97 2453 ’
172 2421 219 2494 εἰς
237 2421 412 2503 Σικελίαν,
430 2411 494 2502 ήδη
514 2415 581 2483 ἐστὶ
599 2413 660 2485 δύο
677 2416 733 2484 καὶ
750 2413 952 2502 πεντήκοντα
970 2411 1084 2536 ἔτη,’
1065 2410 1132 2484 από
1232 2403 1233 2466 Ῑ

169 2509 385 2636 Ἀριμνήστου
410 2511 582 2605 ἄρχοντος,
614 2543 660 2607 τῳ
688 2515 724 2584 δέ
749 2519 971 2608 πρεσβυτέρῳ
986 2513 1131 2604 τούτων,

172 2642 220 2684 ων
254 2636 357 2704 φασιν
390 2617 425 2684 έκ
449 2618 507 2704 τής
532 2583 726 2704 Καλλίππης
752 2618 807 2684 καὶ
831 2619 892 2686 τοῦ
916 2612 1133 2704 Ευκτήμονος

172 2713 342 2839 είνριι,”
301 2742 394 2785 ουπα
411 2711 497 2807 ὑπὲρ
524 2726 648 2786 εῖκοσιν
665 2722 729 2804 ἔτη.
765 2711 920 2804 ἀφελόντι
946 2705 1008 2786 οὖν
1025 2719 1134 2786 ταῦτα

147 2857 148 2860 =
169 2812 234 2887 ἀπό
259 2844 327 2886 των
345 2819 382 2886 έν
399 2826 516 2887 Σικελί
515 2847 536 2908 α
561 2811 772 2887 ὑπολείπεται
794 2813 935 2887 πλείω
914 2811 935 2906 ή
953 2815 1134 2940 τριάκοντα

170 2923 242 3005 ἔτη
271 2913 349 2988 ὥστ’
377 2913 450 2987 εντ’
480 2915 757 3038 ἐπιτροπεύεσθαι
778 2921 922 3008 προσήκε
952 2915 1015 3004 τήν
1042 2926 1134 2986 Καλ-

169 3025 295 3106 λίππην
314 3023 361 3086 ἔτι
369 3022 643 3108 ,τριακοντοντίν
659 3045 698 3104 γε
715 3007 837 3105 οὖσαν,
855 3013 932 3087 οὔτε
948 3013 1135 3087 ἀνέκδοτον

169 3120 226 3187 καὶ
251 3071 377 3187 ἀπαιδά
402 3117 503 3206 εἶναι,
534 3113 617 3186 ἀλλά
648 3115 737 3186 πάνυ
763 3115 863 3187 πάλαι
893 3134 1082 3206 συνοικεῖν,
1112 3111 1135 3203 ἢ

119 3237 151 3289 15
171 3222 394 3306 ἐγγυηθεῖσαν
419 3216 501 3288 κατὰ
525 3216 629 3305 νόμον
654 3245 675 3304 η
661 3210 980 3290 ”έπιδικασθεῖσαν.
1027 3224 1075 3286 έτι
1096 3217 1135 3286 δε

169 3322 226 3389 καὶ
258 3317 506 3443 γιγνώσκεσθαι
530 3313 634 3404 αὐτὴν
659 3312 725 3388 ὑπό
750 3321 817 3388 τεόν
843 3315 1058 3408 Εὐκτήμονος
1083 3323 1135 3386 οί-

168 3427 270 3491 κείαν
286 3416 467 3508 ἀναγκαῖον
484 3407 527 3506 ήν
544 3411 637 3486 καὶ
616 3414 682 3488 υπδ
698 3421 767 3490 τεόν
783 3422 937 3509 οῖκετιόν,
964 3428 998 3488 εῖ
1012 3419 1075 3510 πέρ
1093 3442 1137 3505 γε
