2490 3914
93 142 199 197 0=.12.
400 139 744 194 υιωυοτοωωοοτ
987 151 1047 212 151

93 317 148 385 καὶ
165 316 233 384 τοῖν
250 315 424 401 συγγενῶν
433 307 589 383 άαάντων
604 310 765 402 ἀκηκόατε
781 314 1048 406 μαρτυρούντων.

93 418 262 498 σκέψασθε
280 414 318 484 δὲ
334 417 466 503 πρῶτον
482 411 541 484 τὸν
557 417 682 504 πατέρα
698 410 808 504 ἡμῶν,
826 423 916 497 τίνος
934 419 1050 488 ἕνεκεν

92 512 134 585 άν
159 513 316 598 ψεύδοιτο
332 516 388 583 καὶ
404 517 522 584 τοῦτον
539 511 583 603 μὴ
600 512 681 584 ὄντα
697 511 801 584 αὑτοῦ
816 513 893 586 υίὸν
910 524 1049 588 είσεαοι-

93 632 169 686 εῖτο.
204 613 329 695 πάντας
354 611 419 705 γάρ
444 609 601 707 εὑρήσετε
625 613 702 696 τοὺς
727 613 767 685 τά
797 620 933 687 τοιαὺτα
949 617 1083 708 π’ράτ-2

91 744 207 798 τοντας
232 711 254 804 ἢ
279 710 341 786 ούιι
365 712 472 786 ὅντων
497 712 609 797 αὑτοίς
634 725 782 806 γνησίων
801 724 937 789 Ιπαίδων
953 713 974 806 ἢ
993 716 1048 790 διά

92 824 214 887 πενίαν
236 813 519 906 ἀναγκαζομένους
549 820 665 900 ξένους
694 813 895 908 ἀνθρώπους
926 826 1048 894 εἰσποι-

94 928 219 1007 εῖσθαι,
245 913 334 998 ὅπως
360 913 556 1006 ω’φελοῖνταί
577 945 609 987 τι
631 913 688 986 ἄπ’
715 915 826 988 αὑτοῖν
853 915 897 988 δι’
925 914 1048 1002 αὑτούς

90 1014 278 1106 ’Λδηναίων
302 1015 496 1108 γεγονότων.
538 1021 586 1111 τῷ
600 1026 717 1088 τοίνυν
733 1022 832 1108 πατρί
847 1017 977 1090 τούτων
992 1017 1048 1092 ού-

94 1121 229 1210 δέτερον
253 1114 410 1209 ὑπάρχει·
436 1116 567 1207 γνήσίοι
592 1119 654 1208 μὲν
678 1116 742 1209 γάρ
766 1116 858 1212 αὐτῷ
870 1115 967 1209 ὑμεῖς
985 1120 1047 1191 δύο

92 1224 179 1301 υίείς
197 1215 414 1314 έσμεν,άότε
430 1215 494 1289 οὑιι
509 1217 552 1289 άν
560 1247 599 1308 γε
617 1215 663 1289 δι’
684 1223 820 1310 ἐρημίαν
829 1224 948 1292 τούτου
965 1229 1048 1291 είοε·
1124 1273 1128 1280 -

93 1335 228 1390 ποιεῖτο.
272 1315 355 1390 άλλά
370 1316 437 1410 μην
453 1315 535 1389 οὑδὲ
549 1323 675 1411 τροφῆς
691 1347 727 1389 τε
744 1323 799 1390 καὶ
818 1317 974 1411 εὐπορίας
990 1327 1048 1410 τῆς
1064 1344 1082 1396 3

92 1417 185 1511 παρά
201 1419 319 1492 τούτου
337 1419 508 1510 δεόμενος·
536 1427 604 1490 έστι
628 1418 692 1511 γάρ
718 1417 809 1514 αὐτῷ
834 1429 905 1509 βίος
923 1421 1046 1511 ἱκανός,
1153 1498 1158 1508 ,

93 1524 150 1590 καὶ
168 1525 267 1613 χωρίς
283 1519 403 1592 τούτου
427 1520 671 1612 μεμαρτύρηται
687 1516 770 1610 ὑμῖν
785 1525 904 1592 τούτου
921 1526 957 1592 ἐκ
974 1549 1047 1592 παι·

94 1627 170 1692 δίον
187 1625 320 1713 τρέφων
335 1622 393 1692 καί
409 1619 522 1692 άαιιοδν
538 1625 593 1692 καί
619 1629 666 1703 είς
682 1620 760 1702 τοὺς
777 1621 943 1713 φράτορας
960 1623 1047 1692 είοά-

92 1749 180 1813 γων,
207 1725 263 1793 καί
287 1726 391 1793 ταῦτα
415 1718 456 1793 ού
472 1719 573 1812 μικρά
589 1720 805 1813 δαπανήματά
830 1727 928 1794 ἐστιν.
963 1720 1049 1794 ὥστε

91 1821 152 1894 τόν
176 1851 215 1912 γε
239 1826 365 1913 πατέρα
387 1819 482 1912 ἡμῶν
497 1819 560 1892 ούιι
577 1822 664 1903 είιιός
682 1827 785 1910 ἐστιν,
812 1813 840 1894 ά
861 1820 981 1914 ἄνδρες
1000 1829 1049 1893 δι·

92 1931 226 2014 ααοταί,
252 1924 358 2014 μηδὲν
384 1918 617 2013 ὠφελούμενον
639 1921 744 2004 οὑτως
761 1919 866 2017 άδίιιφ
883 1923 1049 2015 πράγματι

93 2027 305 2115 ἐπιχειρῆσαι.
349 2019 433 2094 άλλά
458 2022 525 2114 μὴν
549 2019 629 2094 ου’δ’
658 2027 768 2113 έμέγε
785 2020 899 2105 οὐδεὶς
916 2021 1083 2115 &wod-4

92 2151 167 2194 πων
183 2121 270 2196 οὕτω
295 2128 414 2206 τελέως
430 2119 474 2196 άν
490 2121 620 2216 άφρονα
636 2121 814 2213 ὑπολάβοι,
841 2123 926 2195 ὥστε
941 2124 1048 2220 τούτῳ

91 2242 273 2316 μαρτυρεῖν
289 2223 330 2295 τά
346 2229 472 2314 ψευδῆ,
495 2221 585 2306 ὅπως
601 2222 642 2296 τά
658 2229 795 2319 πατρῷα
812 2221 869 2296 διά
885 2224 1049 2297 πλειόνων

92 2331 320 2416 διανείμωμαι.
364 2328 420 2396 καί
445 2323 509 2416 γάρ
525 2321 601 2396 οὐδ’
618 2321 868 2415 άμφισβητῆσαί
887 2355 942 2416 μοι
960 2330 1049 2408 ἐξου-

91 2434 150 2494 σία
164 2423 286 2514 γένοιτ’
313 2419 357 2496 άν
372 2423 513 2517 ὕστερον
539 2422 583 2507 οἱς
601 2422 663 2499 οὑιι
680 2433 770 2497 ἔστιν
792 2423 935 2516 άδελφδς
948 2417 1048 2508 οὗτος

92 2529 187 2614 έμού·
205 2524 319 2608 ούδελς
335 2524 398 2618 γάρ
411 2521 454 2597 άν
465 2522 560 2616 ὑμων
576 2524 638 2616 τὴν
656 2524 737 2616 ἐμὴν
747 2525 866 2616 φωνην
877 2523 1043 2616 άνάσχοιτ’
1069 2533 1072 2543 “

90 2621 134 2697 ἂν
160 2624 309 2716 άααύων,
337 2635 367 2699 εί
394 2630 456 2698 νύν
473 2629 534 2717 μὲν
550 2620 713 2698 ὑπόδικον
731 2625 871 2717 ἐμαυτὸν
887 2624 1062 2710 καθιστάς·

90 2731 248 2819 μαρτυρῶ
278 2725 322 2809 ὑς
348 2735 438 2800 ἔστιν
469 2723 612 2817 άδελφὺς
636 2723 809 2818 ἡμέτερος,
841 2725 983 2819 ὕστερον
1010 2728 1048 2798 δέ

91 2836 273 2918 φαινοίμην
288 2828 415 2910 τούτοις
432 2825 621 2916 άντιλίγων.
641 2824 682 2897 ού
700 2827 805 2918 μόνον
821 2834 937 2900 τοίνυν
950 2823 1047 2918 ἡμᾶς,
1064 2859 1082 2912 5

91 2918 120 2998 ά
144 2925 264 3019 άνδρες
291 2935 457 3018 δικασταί,
486 2927 573 3010 είιιός
599 2932 666 3000 έοτι
691 2925 822 3017 τάληθη
842 2956 1048 3020 μεμαρτυρη-

89 3031 200 3117 κέναι,
218 3026 301 3099 άλλά
318 3033 373 3099 καί
388 3026 466 3111 τούς
483 3026 603 3110 άλλους
614 3046 796 3118 συγγενείς.
833 3027 1047 3119 ἐνθυμήθητε

89 3126 152 3219 γάρ
179 3132 310 3220 πρῶτον
335 3131 397 3220 μέν
423 3127 473 3200 ὅτι
498 3136 533 3200 οἱ
554 3128 612 3211 τάς
637 3125 785 3219 άδελφάς
806 3124 901 3219 ἡμῶν
918 3135 1046 3218 ἔχοντες

89 3225 153 3298 αάκ
176 3227 219 3300 άν
241 3256 321 3300 ποτε
338 3228 544 3321 ἐμαρτύρουν
561 3232 637 3321 περί
652 3228 772 3300 τούτου
789 3227 830 3300 τά
847 3231 968 3317 ψευδῆ·
987 3258 1047 3318 μη·

88 3327 186 3420 τρυιά
210 3327 274 3422 γάρ
299 3325 320 3418 ἡ
345 3328 465 3401 τούτου
490 3330 596 3421 μήτηρ
628 3333 755 3418 ἐγένετο
780 3347 851 3410 ταῖς
876 3325 1047 3420 ἡμετέραις

87 3425 267 3520 άδελφαίς,
295 3429 434 3504 sinistam
461 3434 501 3501 δέ
515 3457 585 3512 πως
608 3427 652 3511 ως
671 3434 723 3500 ἐπὶ
739 3428 776 3500 τὸ
792 3427 878 3500 πολὺ
896 3432 1047 3520 διαφέρε-
