2502 3930
168 123 234 180 vm
451 108 658 162 PRAEFATIO
676 109 831 163 emulum

169 282 306 356 oportuit,
318 291 346 340 et
360 282 518 357 aequalibus
532 281 602 344 suis,
621 282 734 339 maxime
748 281 933 347 Demostheni,
948 280 1061 340 similem
1076 300 1120 340 re-

102 413 103 422 .
167 372 350 440 praesentant.
384 368 457 423 Orat
480 365 594 436 3348
608 373 677 422 extr
704 365 809 430 codices
829 366 869 422 LZ
888 366 1031 423 secundam
1048 384 1120 441 pers.

166 448 350 506 habentium
365 458 505 507 exeuntem
521 442 711 523 προσποιήσει
727 448 768 521 (ut
780 450 851 506 bem
867 449 930 506 dei.
944 451 1008 523 Leg.
1024 450 1042 521 3
1057 447 1122 523 46..)

170 549 209 589 or
228 541 270 592 10
287 533 352 604 318
365 535 456 591 cuncti
470 511 552 612 ήμεν
578 532 645 588 dere
666 533 790 590 omnibus
805 533 872 589 locis
892 534 1029 607 reperitur
1042 535 1122 591 tertia

166 632 240 689 pers.
254 618 375 707 optativi
395 634 452 674 aon.
473 618 500 673 in
515 633 554 672 ειε
568 616 708 672 desinens:
730 606 923 689 τελευτήσειεν
944 634 985 673 or.
1004 620 1027 671 1.
1045 617 1122 688 310,

166 688 338 773 ἐρωτήσειεν
358 718 400 758 or.
417 707 442 760 2.
458 701 543 772 326,
568 688 675 767 δόξειεν
690 718 730 756 or.
746 709 771 762 3.
788 701 868 772 311,
884 689 1062 756 πιστεύσειεν
1080 718 1121 758 or.

166 792 191 875 3.
208 783 280 854 323,
296 773 499 857 καταστήσειεν
516 800 554 840 or.
570 785 628 856 33
643 791 684 848 32,
699 771 957 858 αμφισβητησειε
943 802 982 842 or
1000 793 1025 848 3,
1043 785 1122 856 361,

166 855 304 936 ἀξιώσειε
318 886 357 925 or.
381 874 406 926 4.
429 869 447 940 3
471 875 518 930 26,
538 858 729 941 βεβαιώσειεν
750 876 830 928 or.5
848 867 930 964 323,
951 857 1121 942 τολμήσειεν

168 968 208 1008 or.
224 959 249 1012 6.
272 952 290 1023 3
314 959 345 1015 9,
367 945 480 1026 ἕίξαγγε
478 951 535 1006 λειε
555 969 594 1006 or.
609 958 632 1011 6
651 953 734 1024 339,
750 940 941 1027 εὐπορήσειεν
963 969 1002 1008 or.
1019 955 1043 1012 7
1062 953 1122 1024 38

166 1021 414 1128 ἀμφισβητήσειε
416 1053 456 1092 οι.
476 1041 500 1095 7
519 1036 601 1107 330,
626 1030 726 1104 δείξειε
746 1053 786 1092 or.
803 1028 1022 1129 39,9ἒιιιι1είξειε
1039 1043 1121 1096 οι.8.

167 1119 256 1191 328,
277 1109 490 1196 κατορθώσειεν
510 1135 549 1175 or
572 1125 597 1178 8.
621 1119 638 1190 3
662 1126 710 1188 37,
731 1110 891 1194 θανμασειε
915 1137 955 1176 or
976 1129 1021 1182 10.
1044 1119 1119 1190 318

167 1198 286 1272 δείξειεν
307 1219 347 1260 or.
370 1212 411 1264 11.
428 1204 509 1275 328,
532 1193 662 1274 ποιήσειε
688 1221 728 1261 or
745 1213 786 1264 ll.
810 1204 890 1275 348ε
906 1211 1001 1278 quater
1015 1210 1122 1259 tantum

166 1286 229 1343 libri
249 1304 329 1344 mser.
353 1288 382 1342 in
397 1306 428 1342 αι
445 1294 584 1343 exeuntem
597 1287 698 1343 habent
714 1287 823 1344 eandem
837 1304 996 1360 personam,
1013 1303 1063 1343 noo
1079 1295 1119 1343 ta·

166 1387 229 1427 men
243 1379 275 1427 ut
291 1369 398 1427 exclusa
415 1371 456 1427 sit
464 1370 613 1427 dubitatio.
629 1388 669 1427 or.
686 1381 708 1429 l.
724 1372 742 1443 3
759 1379 793 1431 30
808 1384 976 1434 πιστενσαι,
992 1379 1020 1427 at
1035 1371 1120 1427 codex

165 1454 322 1511 Abobsono
334 1452 573 1516 tandemtandem,
588 1454 673 1510 Maius
688 1456 779 1512 nescio
795 1473 828 1510 an
843 1473 857 1510 e
869 1455 928 1512 cod.
940 1472 989 1512 suo
1000 1447 1118 1510 πιστεύ-

166 1551 217 1609 ση,
234 1546 265 1595 ut
280 1538 312 1594 ab
327 1538 402 1596 Isaeo
420 1526 580 1594 πιστεύσειε
594 1540 748 1612 profectum
762 1531 890 1596 videatur.
920 1539 1025 1596 dertius
1040 1538 1121 1596 etiam

165 1630 209 1678 est
228 1622 439 1696 praeoptandam
459 1639 518 1679 esse
532 1623 648 1679 Atticam
667 1623 782 1680 formam
797 1641 837 1679 or.
853 1630 877 1683 9.
894 1618 912 1694 3
928 1630 973 1686 18,
988 1623 1035 1679 ubi
1052 1622 1119 1680 Bek-

165 1705 247 1762 benus
266 1706 384 1762 codicem
398 1705 561 1763 deteriorem
573 1705 592 1761 Ζ
604 1714 713 1763 secutus
728 1707 802 1763 dedit
818 1697 956 1779 ἐθελήσαι
970 1706 1119 1779 suffragan·

167 1789 240 1846 tibus
261 1788 410 1846 editoribus
430 1788 634 1846 Turicensibus:
654 1799 681 1845 at
696 1808 757 1847 cum
772 1792 800 1849 in
818 1792 860 1848 ΑΒ
878 1792 914 1846 sit
934 1781 1075 1861 ἕθελήση,
1091 1791 1122 1844 in
1195 1851 1201 1864 ί

166 1874 264 1929 Aldina
282 1890 346 1930 vero
369 1863 515 1945 ἐθελήσει,
538 1873 596 1929 iure
611 1870 749 1946 praeferes
770 1865 925 1947 ἐθελήσειε.
953 1873 1119 1947 Relinquun-

166 1966 212 2013 tur
226 1958 310 2030 igitur
327 1957 381 2014 duo
394 1956 465 2020 ioci,
488 1957 515 2012 in
532 1956 751 2030 quibuscodices
768 1955 869 2052 nullam
883 1959 916 2014 de
931 1958 996 2013 vitio
1012 1965 1121 2012 movent

165 2041 359 2113 suspitionem.
380 2058 450 2096 unus
475 2048 518 2096 est
539 2057 578 2097 or
601 2046 626 2098 4
648 2041 666 2112 3
692 2051 724 2101 14
745 2031 925 2117 ἐγχειρήσειε,
946 2042 1015 2096 alter
1037 2048 1121 2100 οι.8

165 2124 183 2194 3
201 2131 247 2186 40,
272 2125 349 2180 cuius
371 2132 460 2180 tamen
481 2125 586 2197 integra
600 2125 681 2181 verba
696 2125 869 2226 subiupgam,
893 2134 922 2183 ut
939 2142 1000 2181 eum
1016 2124 1121 2198 aliquid

163 2207 232 2264 labis
236 2207 400 2304 suscepisse
417 2209 526 2281 planum
546 2208 654 2264 faciam:
676 2203 734 2265 Καὶ
749 2227 785 2264 τα
800 2203 854 2304 μὲν
867 2202 1054 2301 γεγενημένα,
1068 2225 1119 2262 και

166 2279 250 2345 (1ιά
270 2278 306 2346 τὰ
328 2283 484 2367 πράγματα
504 2277 586 2346 ταῦτ’
604 2285 729 2386 εχομεν,
751 2281 854 2382 σχεδόν
873 2311 901 2348 τι
922 2309 994 2348 ταντ
998 2277 1119 2364 ἐστίν,

166 2393 189 2431 ω
177 2353 339 2470 ἄνδρες·
350 2371 378 2431 εἰ
393 2369 425 2431 δὲ
444 2363 611 2447 εἰδείητε
578 2393 633 2447 την
649 2365 847 2470 Διοκλέους
831 2371 1049 2450 αναισχνντίαν,
1066 2370 1120 2430 καὶ

163 2452 230 2532 περι
256 2476 293 2514 τα
319 2446 393 2514 ottae
414 2449 477 2528 οἷός
500 2453 595 2532 ἐστιν,
623 2473 678 2514 ουτι
699 2480 737 2515 αν
759 2447 963 2533 ἀπιστήσει
984 2478 1040 2527 τις
1058 2457 1118 2515 των

164 2537 325 2616 εἰρημένον
348 2529 462 2599 οὐδενί.
491 2543 524 2600 Et
537 2544 686 2600 sententiae
707 2545 948 2639 conformationem
969 2552 997 2600 et
1009 2543 1121 2600 contin·-

164 2628 275 2683 nitatem
286 2627 409 2700 flagitare
421 2628 539 2685 arbitror
550 2635 581 2683 ut
592 2628 745 2701 corrigatur
756 2615 811 2684 οὐκ
824 2614 862 2683 dv
877 2613 1115 2699 ἇττιστήσαιτ’

164 2706 251 2778 ἴσως
272 2709 330 2766 τῶν
352 2705 512 2786 εἰρημένων
532 2698 640 2766 οὐδενί.
620 2707 755 2778 [Quae
775 2731 836 2770 cum
858 2715 896 2771 ita
914 2714 981 2775 sint,
1005 2729 1069 2768 num
1089 2712 1120 2768 in

164 2803 239 2850 tanto
256 2796 440 2869 exemplorum
453 2812 565 2852 numero
579 2796 706 2852 credibile
721 2805 763 2852 est
773 2815 857 2854 unum
871 2798 943 2854 istuc
939 2785 1117 2935 ,ἕξχειρήσαι

164 2878 196 2933 ab
210 2878 284 2934 isaeo
300 2887 441 2952 exceptum
455 2879 532 2936 esse?
545 2879 610 2934 Mihi
625 2879 733 2952 quidem
745 2898 822 2937 secus
837 2898 867 2938 ac
881 2879 944 2937 vel
936 2898 963 2935 rn
991 2881 1026 2936 tis
1040 2878 1119 2935 libris

164 2962 333 3019 scribendum
350 2963 463 3052 potius
458 2963 564 3020 videtur
579 2954 832 3060 ἐγχειρήσειεν,-
797 2966 970 3037 -ltemque
985 2981 1045 3020 cum
1062 2970 1116 3018 ter·

164 3046 227 3101 tiam
248 3045 362 3119 pluralis
383 3033 494 3120 optativi
521 3063 577 3102 aor.
597 3065 740 3121 personam
760 3049 788 3104 in
804 3066 868 3103 ειαν
892 3049 1058 3104 terminatam
1076 3053 1118 3102 te·

162 3137 244 3186 neant
261 3130 368 3187 codices
385 3147 424 3186 or.
439 3138 465 3191 8.
481 3131 547 3202 342
564 3123 735 3203 ἐθελήσειαν
751 3141 779 3188 et
794 3149 833 3188 or.
850 3141 892 3192 10
910 3133 973 3204 317
983 3144 1116 3206 προσαιτ-

162 3207 291 3269 ολὲσειαν
320 3213 409 3288 (quam
438 3216 544 3288 quidem
568 3232 620 3288 ego
646 3217 862 3272 terminationem
895 3216 996 3312 ubique
1021 3214 1118 3288 Lysiae

160 3298 277 3362 reddidi,
307 3317 330 3353 v.
350 3299 463 3372 praefat.
471 3317 515 3392 p.
541 3297 597 3370 vl),
618 3317 668 3371 pro
690 3291 906 3375 μαρτυρήσειεν
925 3317 963 3355 αν
988 3301 1016 3354 in
1037 3315 1077 3354 or
1099 3305 1118 3358 9

160 3381 179 3453 3
204 3389 237 3443 18
257 3383 328 3440 edidi
346 3372 562 3460 μαρτυρήσειαν
583 3372 636 3455 dv,
659 3384 730 3457 quod
755 3383 872 3441 fortasse
891 3392 1006 3458 propter
1026 3397 1114 3437 κακο-
