2502 3930
214 195 255 256 20
628 188 756 240 ΙΣΑΙΟΤ
1056 192 1119 254 ,019
1135 193 1158 242 2.

213 369 359 450 ποίησις,
379 364 433 431 καὶ
450 357 511 430 οόκ
529 367 618 430 ἔστιν
632 364 777 442 ἐπίδικος
793 357 812 431 ὁ
829 365 947 452 κλῆρος
963 358 981 432 ὁ
999 365 1160 432 Μενεκλέ-

213 490 271 542 ους
289 459 382 542 όντος
402 464 481 550 ἐμοῦ
497 465 575 531 υίοῦ
597 464 741 549 ἐκείνου,
760 457 833 531 ἀλλ’
858 457 875 532 ὁ
892 461 1016 552 μάρτυς
1035 469 1161 552 διεμαρ-

213 560 335 651 τύρησε
351 558 487 649 τάληθῆ.
532 565 645 649 δέομαι
669 558 702 631 δ’
720 557 817 651 9999
833 558 988 632 ἁπάντων
1006 565 1060 632 καὶ
1078 560 1161 633 ἄντι-

213 666 303 750 βολώ
319 665 375 732 καὶ
389 660 523 732 ἱκετεύω
534 658 605 750 μετ’
624 658 754 743 εὐνοίας
770 660 994 752 ἄποδέχεσθαί
1008 692 1072 752 μου
1089 661 1163 745 τούς

213 762 341 851 λόγους.

180 877 196 929 3
287 861 474 952 Ἐποόνυμος
485 861 548 952 γὰρ
566 859 583 932 ὁ
599 859 791 953 Ἀχαρνεύς,
809 860 827 934 ό
846 860 983 954 πατηρὸ
1000 860 1163 955 ἡμέτερος,
1214 865 1218 880 ’
1237 917 1238 922 1

164 1025 168 1038 .
214 992 239 1033 ιο
229 955 400 1054 ἄνδρες,
424 971 520 1053 φίλος
549 953 593 1052 99
620 967 676 1033 καὶ
700 963 880 1053 ἐπιτήδειος
903 975 1086 1052 Μενεκλεῖ,
1110 969 1164 1035 καὶ

191 1069 379 1190 ἑχρῆτοί
345 1093 363 1134 ο
378 1072 431 1133 κεί
430 1083 488 1144 ως
506 1054 589 1153 9990
607 1060 703 1134 δὲ’
661 1093 750 1156 αυτῳ
739 1067 883 1146 παῖδες
894 1061 1079 1155 τέτταρες
1061 1082 1164 1155 ημεῖς,

191 1155 328 1235 δύο
294 1194 355 1254 μεν
371 1170 439 1234 υἱεῖ
426 1180 472 1253 ῖς,
498 1163 559 1234 δύο
579 1165 615 1235 δὲ
631 1168 821 1289 θυγατέρες
857 1165 1110 1254 τελευτήσαντος
1128 1169 1166 1236 δε

212 1268 273 1388 που
290 1263 411 1355 πατρός
430 1260 640 1395 999990999
621 1282 714 1356 ημεῖς
737 1263 799 1354 την
822 1271 1049 1388 πρεσβυτέραν
1071 1264 1165 1337 όδελ

213 1364 297 1455 φήν,
324 1363 493 1454 ἐπειδὴ
461 1393 549 1455 ειχεν
578 1362 684 1456 ὥραν,
708 1364 927 1460 Λευκολόφφ,
957 1384 1076 1458 προῖκα
1099 1372 1166 1439 ἐπι-

179 1485 197 1532 4
215 1465 328 1547 δόντες
353 1477 454 1536 είαοσι
478 1470 569 1554 μνᾶς.
605 1469 659 1536 καὶ
677 1462 735 1535 ἄπ’
756 1471 886 1538 ἐκείνου
903 1471 964 1537 909
979 1467 1099 1558 χρόνον
1116 1496 1167 1538 τε-

214 1566 320 1660 99999
344 1573 409 1636 ἔτει
431 1562 451 1654 9
475 1571 610 1660 πέμπτην
632 1564 813 1657 90999009
834 1596 869 1637 99
893 1564 1020 1658 ἀδελφὴ
1043 1563 1123 1658 ἡμῖν
1146 1566 1167 1699 9

213 1672 356 1757 νεωτέρα
380 1665 499 1756 σχεδόν
521 1663 654 1756 ἡλικίαν
678 1667 765 1756 εἶχεν
787 1665 886 1758 οἷνδρδ
909 1685 1092 1757 συνοικεῖν,
1111 1673 1167 1738 και

213 1796 258 1860 τῳ
247 1770 441 1838 Μενεκλεῖ
456 1763 477 1855 9
495 1765 580 1857 γυνὴ
597 1763 767 1858 9929099u
744 1797 787 1856 ην
805 1767 870 1857 εἶχε
882 1766 1049 1890 99999909.
1081 1773 1167 1840 ἐπει-

127 1913 129 1918 ·
216 1841 256 1957 δὴ
274 1859 336 1938 090
355 1873 464 1957 ἐκείνη
487 1865 527 1936 τοὶ
536 1866 742 1988 νομιζόμενα
766 1864 956 1990 9999'9099‘
940 1898 959 1938 ο
982 1875 1168 1958 Μενεκλῆς,

214 1966 283 2058 ᾔτει
295 1966 356 2088 999
367 1963 545 2091 9999999‘
527 1971 627 2057 ημοῖς,
646 1962 904 2091 9999999999020
912 1967 982 2092 999
998 1999 1034 2040 99
1051 1979 1170 2094 9999'090

213 2067 275 2158 την
291 2072 352 2138 909
368 2067 488 2160 πατρὸς
507 2071 597 2138 καί
581 2072 712 2157 εαυτοῦ,
731 2065 824 2138 καὶ
800 2097 843 2150 υς
861 2067 940 2159 πρός
952 2066 1034 2160 ἡμας
1047 2067 1170 2152 αὐτούς

179 2187 195 2238 5
213 2197 255 2256 ην
280 2175 501 2259 διακείμενος
531 2171 586 2239 καὶ
593 2165 701 2257 ἡμεῖς
725 2166 889 2250 είδότες”
869 2199 920 2240 οτι
943 2166 1034 2240 καὶ
1018 2201 1036 2241 ο
1060 2169 1170 2295 πατὴρ

215 2265 377 2340 0239st
357 2299 400 2339 αν
429 2275 554 2340 ἔδωκεν
575 2264 718 2358 ἥδιον
696 2299 718 2357 9
743 2274 873 2362 ἐκείνην,
904 2277 1042 2360 δίδομεν
1065 2268 1170 2393 9999,

144 2383 170 2396 ”
215 2367 276 2441 οόκ
298 2367 472 2460 ἄπροικον,
496 2365 540 2450 ὥς
565 2359 660 2491 09999
684 2372 773 2458 λέγει
799 2369 967 2460 9‘9909099‚
997 2369 1079 2440 ἀλλά
1107 2370 1172 2460 990

215 2482 291 2590 ἴσην
302 2487 423 2561 προῖκα
436 2466 638 2600 ἐπιδόμτες”
616 2495 721 2559 ηνπερ
738 2473 793 2539 και
805 2499 845 2561 τη
834 2473 1061 2564 πρεσβυτέρα
1071 2468 1172 2541 9099-

214 2601 262 2662 φη
250 2574 460 2659 ἕπέδομεν·
488 2573 542 2639 καὶ
567 2574 603 2640 ἐκ
624 2574 685 2639 τοῦ
704 2570 827 2661 τρόπον
850 2569 984 2661 τούτου,
1009 2570 1174 2662 πρότερον

213 2670 305 2752 ὄντες
323 2669 431 2741 αὐτοῦ
446 2679 554 2760 φίλοι,
573 2675 773 2759 κατέστημεν
789 2679 913 2770 οἰκεῖοι.
949 2675 1015 2742 Καὶ
1034 2668 1077 2752 ὡς
1096 2679 1174 2743 ἔλα·
1237 2701 1238 2714 ’

215 2780 274 2860 βεν
298 2783 403 2842 εῖκοσι
425 2775 507 2861 μνᾶς
524 2800 541 2842 ο
530 2767 737 2896 “Μευεκλῆς
758 2774 810 2842 ἐπὶ
833 2800 872 2862 99
862 2768 1021 2864 ἀδελφῇ
1036 2790 1174 2862 προῖκα,

136 2887 138 2890 ’
214 2871 274 2960 τὴν
302 2880 486 2961 μαρτυρίαν
514 2871 637 2960 ταύτην
663 2874 794 2962 προῖτου
820 2871 979 2962 βούλομαι
1009 2879 1176 2964 παρασχέ
1237 2961 1238 2964 ¹

215 2985 304 3042 σθαι.

590 3139 788 3210 MAPTTPIA.

180 3297 197 3349 0
286 3274 454 3358 Ἐκδόντες
464 3285 579 3348 τοίνυν
595 3275 652 3360 τὰς
663 3273 825 3367 ἀδελφὰς,
844 3268 872 3346 9
888 3275 1023 3368 ἄνδρες,
1042 3283 1096 3350 καὶ
1112 3253 1178 3350 ’όν-

213 3407 266 3460 τες
284 3375 376 3448 αὐτοὶ
396 3383 433 3449 ἐν
449 3373 560 3470 ἡλικίᾳ
578 3382 630 3447 ἐπὶ
647 3375 683 3448 τό
696 3376 934 3469 στρατεύεσθαι
948 3379 1176 3470 ἐτραπόμεθα,

213 3483 267 3550 καὶ
285 3475 540 3569 ἀπεδημήσαμεν
557 3477 636 3568 μετὰ
650 3476 851 3566 Ἰφικράτους
870 3487 915 3560 είς
934 3479 1082 3572 Θρηίκην·
1103 3485 1182 3550 ἐκεῖ
