2490 3914
185 133 225 197 78
447 92 449 100 ’
594 129 728 196 umor
971 103 973 110 ’
1047 130 1098 182 οι.
1116 129 1142 188 ο.

99 369 101 372 ,
184 329 253 370 των
277 307 356 388 μίαν
381 300 538 388 ἐκτήσατο
554 291 579 392 ,ή
595 299 698 391 ὄνομα
716 291 758 390 ήυ
773 299 889 390 Ἀλκή,
915 282 957 389 ἣν
975 302 1030 372 καὶ
1047 295 1143 390 ὁμοῖν

185 401 274 491 οἰμαι
300 399 441 482 πολλοὺς
468 405 601 472 εἰδέναι
646 399 736 490 αὕτη
756 399 834 472 δὲ
815 399 953 492 ηἈλκή
972 399 1142 489 ὠνηθεῖσα

184 499 289 574 πολλοὶ
314 531 380 624 μεν
402 507 458 624 ἐτη
488 506 636 590 καθῆστο
660 505 696 574 έυ
718 502 887 592 οἰκήματι,
914 499 979 592 ήδη
1003 503 1041 572 δὲ
1064 527 1140 593 πρε·

42 639 46 647 ·
133 620 166 672 20
183 592 422 693 σβντέραοῦσα
439 599 503 676 ἀπο
492 599 582 692 μὲν
598 630 658 673 τον
647 602 848 693 οἰκήματος
858 599 1039 692 ἐνίσταται,
1058 608 1140 672 διαι·

182 705 312 827 τωμένη
345 704 387 774 δὲ
414 699 500 793 αὐτή
525 707 561 776 ἐν
586 706 628 793 τή
652 712 804 796 συνοικίᾳ
830 708 937 792 συυήυ
962 701 1140 795 ἅνθρωπος

182 799 420 896 ἀπελεύθερος,
447 801 578 878 Δίων”
559 831 662 892 ονομα
687 801 794 898 αὐτην,
822 809 853 889 ἐξ
879 831 920 876 ου
909 794 1002 894 ἔφη
1029 807 1139 892 ἐκείνη

181 902 318 985 τούτους
343 909 530 993 γεγονέναι
557 907 612 974 καὶ
639 911 783 996 ἔθρεψεν
808 901 929 986 αὐτοῦς
945 933 964 976 ο
952 899 1118 978 θ’Δίων
1094 931 1140 987 ως

181 1000 279 1084 ὄντας
297 1008 427 1079 ἑαυτοῦ.
463 1003 573 1098 χρόνῳ
591 1002 668 1074 δέ“
644 999 785 1096 νστεήον
801 1002 819 1077 5
827 1007 898 1128 „⁵¹3²
909 1012 1005 1076 Δίων
1022 1012 1139 1095 ζημίαν

183 1107 395 1196 εἰργασμένος
412 1108 468 1176 καί
487 1111 598 1186 δείσας
623 1100 776 1196 ὖτιέρ
735 1109 841 1226 αυτρῦ
856 1101 1072 1197 ὑπεχώρησεν
1091 1113 1139 1188 εἰς

181 1209 355 1277 Σικυῶνα
387 1204 448 1296 τήν
475 1202 508 1274 δ’
542 1203 723 1298 ἄνθρωπον
748 1206 889 1325 ταύτην,
923 1202 984 1294 τήν
1006 1202 1137 1296 Ἀλκήν,

181 1314 379 1396 καθίστησιν
395 1304 581 1424 Εὐκτήμων
598 1310 888 1396 ἐπιμελείσθω
847 1336 904 1395 της
923 1309 959 1378 ἐν
959 1317 1137 1429 Κεραμει·

180 1409 230 1500 κοῖ
255 1415 441 1497 συνοικίας,
467 1409 526 1496 τής
556 1405 645 1530 παρρὶ
669 1404 731 1496 τήν
756 1414 899 1496 πυλίδα,
931 1397 1015 1478 055
1047 1405 1138 1490 οἰνος

129 1535 161 1587 21
180 1504 285 1588 ὤνιος
330 1521 576 1578 κατοικισθεῖσι
602 1503 633 1577 δ’
662 1511 820 1632 ἐνταυθρῑ
844 1510 976 1578 κολλωυ
1001 1510 1057 1576 καὶ
1079 1537 1137 1578 κα·

179 1609 248 1678 κεῖν
265 1597 381 1699 ήρξευ,
401 1637 427 1678 ω
417 1599 572 1698 ἄνδρες.
616 1611 740 1696 φοιτοῐν
763 1607 826 1700 γὰρ
843 1604 861 1679 5
878 1605 1064 1697 Εὐκτήμων
1081 1611 1129 1678 ἐκ.

52 1707 54 1714 ’
178 1705 214 1777 τὸ
241 1711 383 1779 ἐνοίκιον
409 1707 562 1780 ἑκάστοτε
586 1706 628 1778 τὰ
652 1706 757 1780 πολλοὶ
783 1713 947 1799 διέτριβεν
965 1711 1002 1778 ἐν
1017 1711 1060 1798 τῇ
1076 1730 1136 1778 συ-

177 1815 303 1900 νοικίᾳ,
332 1812 436 1880 ἐνίοτε
462 1810 499 1880 δέ
524 1811 579 1880 καί
607 1812 743 1880 ἐσιτεῖτο
759 1807 841 1900 μετὰ
856 1813 914 1899 τής
939 1804 1134 1900 ἄνθρωπον,

177 1906 367 1980 καταλιπων
384 1912 440 1981 καί
456 1908 518 1998 τήν
535 1926 678 1997 γυναῖκα
695 1914 751 1980 καί
767 1908 844 1992 τους
861 1915 981 1990 παῖδας
999 1911 1055 1980 καί
1072 1905 1135 1998 τήν

178 2015 287 2080 οἰκίαν
303 2005 347 2098 ήυ
365 2008 451 2104 ᾤκει.
487 2015 636 2100 χαλεπῶς
664 2011 701 2083 δὲ
718 2010 884 2101 φερούσης
900 2013 959 2100 τής
975 2007 1134 2098 γυναικὸς

177 2111 233 2178 καί
258 2114 326 2180 τεὸν
350 2115 452 2182 υίέωυ
475 2107 536 2201 οὐχ
553 2107 642 2192 ὅπως
662 2111 842 2200 ἐπαύσατο,
869 2107 952 2180 ἄλλα
968 2113 1134 2180 τελευταῖν

177 2213 345 2291 παντελῶς
372 2215 503 2302 διητᾶτο
530 2215 613 2301 ἐκεῖ,
641 2213 696 2282 καὶ
722 2208 808 2282 οὕτω
828 2213 960 2300 διετέθη
979 2207 1047 2280 εἴθ’
1064 2205 1134 2280 ὑπὸ

175 2308 360 2401 φαρμάκων
392 2309 461 2382 εἴθ’
495 2307 561 2382 ὑπὸ
587 2310 688 2382 νόσου
716 2309 786 2384 εἴθ’
812 2308 872 2383 ὑπ’
900 2309 1002 2398 ἄλλον
1028 2309 1131 2400 τινός,

177 2405 261 2482 ὥστε
287 2414 425 2500 ἐπείσθη
442 2407 503 2482 ὑπ’
530 2408 632 2499 αὐτής
649 2410 707 2482 τὸν
724 2410 950 2504 πρεσβύτερον
966 2427 1038 2481 τοῖν
1056 2418 1132 2480 παί-

176 2515 250 2582 δοιν
285 2519 473 2600 εἰσαγαγεῖν
507 2519 553 2593 εἰς
587 2510 664 2594 τούς
692 2512 856 2604 φράτορας
881 2515 935 2582 ἐπὶ
957 2513 1006 2606 τῷ
1026 2506 1134 2581 αὑτοῦ

123 2627 157 2676 22
173 2607 316 2702 ὀνόματι.
354 2611 467 2702 ἐπειδή
494 2614 532 2682 δέ
557 2609 636 2683 οὗθ’
662 2608 681 2683 5
703 2611 775 2695 υίός
799 2609 890 2706 αὐτῷ
912 2609 1132 2700 Φιλοκτήμωυ

173 2711 354 2805 συνεχώρει
393 2709 471 2784 οὔθ’
513 2719 548 2784 οἰ
583 2711 744 2804 φράτορες
784 2716 1004 2803 εἰσεδέξαντο,
1053 2708 1129 2781 ἀλλ’

172 2807 345 2903 ἀπηνέχθη
362 2811 399 2883 τό
416 2811 579 2904 κοήρειον,
606 2809 811 2904 ὀργιζόμενος
836 2809 855 2885 5
872 2811 1059 2903 Εὐκτήμων
1081 2816 1132 2906 τῷ

172 2917 243 2982 υἱεῖ
272 2916 328 2984 καί
360 2912 548 3004 ἐπηρεάζειν
578 2913 777 3004 βουλόμενος
805 2917 959 3004 ἐγγυᾶται
983 2929 1132 3002 γυναῖκα
1230 2931 1231 2970 ι

171 3012 409 3138 Δημοκράτους
425 3043 485 3085 του
473 3011 694 3104 Ἀφιδνυίου
711 3010 919 3105 ἀδελφήν,
895 3043 940 3096 ως
958 3017 995 3086 ἐκ
1005 3011 1130 3102 ταύτης

171 3111 338 3195 παῖδας’
319 3118 502 3205 αποφαυοίν
527 3118 583 3186 καί
603 3113 802 3205 εἰσποιήσωυ
820 3124 866 3197 εἰς
883 3113 940 3186 τὸν
957 3114 1067 3202 οἰκον,
1095 3121 1131 3183 εἰ

121 3230 154 3282 23
170 3211 215 3304 μή
249 3222 435 3307 συγχωροίη
468 3218 585 3286 τοῦτον
621 3219 824 3305 εἰσαχθῆναι.
878 3214 1000 3297 εἰδότες
1034 3211 1065 3285 δ’
1092 3220 1133 3284 οἰ
1229 3271 1230 3298 ,

171 3311 344 3404 ἀναγκαῖοι
368 3313 418 3388 ὅτι
446 3320 495 3438 ἐξ
505 3319 635 3387 ἐκείνου
661 3314 786 3406 μέν’
747 3345 810 3388 ουκ
834 3313 876 3388 δν
903 3323 950 3387 ἔτι
974 3319 1127 3405 γένοιντο

70 3439 73 3446 “
171 3423 288 3498 παῖδες
310 3445 434 3504 ταυτην
458 3413 520 3503 τήν
545 3411 676 3503 ἡλικίαν
694 3424 840 3507 ἔχοντος,
867 3415 1070 3506 φανήσοιντο
1089 3412 1128 3486 δ
