2502 3930
1242 11 1245 88 λ

1241 89 1245 144 ι

187 160 230 225 32
601 152 729 203 ΙΣΑΙΟΤ
1040 153 1091 207 On.
1108 153 1133 205 3.
1241 159 1244 192 ’ἰ

152 323 400 415 3γραψάμενος.
436 321 703 414 άμφισβητοόσης
722 325 758 394 33
774 327 831 411 τῆς
847 319 969 412 μητρδς
985 325 1042 411 τῆς
1059 318 1134 413 ήμε·
1245 333 1246 378 ἶ

186 429 297 515 τέρας,
320 421 466 546 ἀδελφῆς
490 426 526 494 δέ
547 429 609 494 τοῦ
624 423 778 513 Πύρρου,
801 419 819 492 3
842 421 954 513 κύριος
976 425 1033 510 τῆς
1052 430 1134 512 ελλη-

187 533 281 615 χνίας
298 529 357 594 τοῦ
378 524 500 613 κλήρου
521 521 677 612 γυναικός
701 523 854 612 ἐτόλμησε
877 527 1133 614 διαμαρτυρῆσαι

186 655 230 714 μη
220 623 397 704 ἐπίδικον
413 654 452 715 τη
441 620 609 745 ήμετέρᾳ
625 621 772 714 μητρὶ
739 652 796 694 τον
813 652 872 694 του
862 619 1038 712 ἀδελφοῦ
1059 629 1133 712 κλῆ·

188 755 247 846 ρον
271 725 372 814 ειναι,
397 721 441 807 ιδς
462 722 562 814 οὔσης
584 733 720 812 γνησίας
742 721 908 813 θυγατρός
928 721 1071 817 Πύρρῳ,
1095 715 1137 794 03

187 817 230 914 ῆν
248 821 316 908 ἐξ’
297 830 398 917 αρχῆς
419 855 437 894 ο
426 822 582 915 ’κλῆρος
625 822 918 912 ἐπισκηψάμενοιδ
898 819 1061 912 δέῆμεις,
1079 828 1134 896 καὶ

190 921 272 1006 είς
251 929 336 1014 υμᾶς
355 923 625 1014 εἰσαγαγόντες
592 955 650 995 τον
663 927 922 1013 διαμαρτυρῆσαι
932 922 1136 1012 τολμήσαντα

154 1022 268 1100 σκατά
290 1030 408 1114 ταῦτα,
439 1024 565 1096 ἐκεῖνόν
586 1053 621 1096 τε
645 1026 864 1112 ἐξελέγξαντες
887 1028 1075 1114 περιφανεῖς
1097 1021 1136 1094 τά

188 1130 297 1214 ψευδῆ
318 1124 586 1216 μεμαρτυρηκότα
607 1122 669 1214 τήν
690 1128 758 1194 τῶν
775 1127 1069 1214 ψευδομαρτυριῶν
1088 1132 1136 1194 δί-

188 1255 251 1316 κην
270 1233 399 1315 εἵλομεν
416 1221 495 1316 παρ’
520 1222 618 1316 ὑμῖν,
642 1226 696 1298 καί
720 1227 849 1295 τουτονὶ
867 1223 1059 1318 Νμκόδημον
1077 1251 1137 1294 τια-

188 1331 337 1417 ραχρῆμα
360 1329 573 1416 ἐξηλέγξαμεν
591 1331 627 1397 ἐν
643 1341 712 1406 τοῖς
729 1321 842 1406 αὐτοῖς
861 1332 1028 1406 δικασταῖς
1045 1321 1138 1396 άναι-

187 1426 406 1516 σχυντότατον
422 1432 464 1518 τῆ
475 1435 638 1518 μαρτυρία
650 1423 731 1496 ὅντα
742 1423 857 1514 ταύτῃ,
875 1422 911 1506 ὅς
928 1453 966 1513 γε
984 1423 1139 1514 ἐτόλμησε

188 1532 391 1617 μαρτυρῆσαι
410 1532 565 1616 ἐγγυῆσαι
582 1531 629 1620 τῷ
644 1534 729 1619 θείω
746 1530 793 1618 τῷ
809 1520 953 1618 ήμετέρςο
971 1523 1031 1613 τήν
1043 1522 1139 1595 άδελ·

154 1656 171 1706 5
188 1625 256 1716 φῆν
268 1625 328 1717 τήν
347 1631 468 1698 ἑαυτοῦ
483 1645 625 1716 γυναῖκα
643 1626 726 1696 εἶναι
744 1623 826 1696 κατά
842 1622 918 1745 τοῆς
934 1624 1063 1714 νόμους.
1089 1623 1139 1695 ὅτι

189 1719 317 1817 μὲν
275 1757 337 1799 ουν
354 1731 409 1798 καὶ
428 1732 520 1798 ἐν
479 1757 519 1818 τη
536 1730 689 1850 προτέρη
705 1722 816 1816 δίκη
797 1755 817 1815 η
835 1724 952 1796 τούτου
976 1734 1140 1816 μαρτυρία

190 1825 315 1917 ψευδής
334 1828 493 1912 ἐδοξεν
463 1856 563 1916 ειναι,
581 1823 598 1898 3
616 1823 689 1948 τόδ’
710 1822 861 1907 ἑαλωκός
878 1824 1000 1915 μάρτυς
1018 1829 1140 1916 σαφέσ-

189 1931 396 1998 τατατοῦτον
410 1930 620 2018 ἐξελέγχειί
589 1955 604 1996 ε
629 1957 691 2018 γαρ
702 1956 745 2016 μη
735 1916 917 1997 ἐδοκει
876 1955 970 2006 ουτος
981 1956 1020 1995 τα
1009 1924 1142 2014 ψευδη

189 2026 261 2097 τότε
278 2032 498 2118 μαρτυρῆσαι,
518 2024 654 2150 δῆλον”
635 2055 684 2097 οτι
703 2020 911 2108 ἐκείνόςτ”“
891 2056 933 2096 αν
956 2023 1140 2114 άποφυγοδν

189 2125 250 2215 τήν
276 2134 512 2218 διαμαρτυρίαν
534 2123 678 2215 ἀπῆλθε,
709 2129 763 2196 καὶ
787 2126 985 2216 κληρονόμος
1007 2121 1049 2196 άν
1072 2130 1140 2196 των

189 2231 250 2298 τοῦ
264 2236 361 2298 θείου
379 2224 399 2317 3
419 2235 720 2318 διαμαρτυρηδεῑσα
736 2235 855 2314 γνησία
872 2223 1023 2315 θυγάτηρ
1042 2225 1139 2314 εἶναι,

156 2323 263 2397 οάλλ’
286 2325 348 2398 οόκ
369 2323 411 2398 διν
433 2324 453 2416 3
477 2323 616 2417 ῆμετέρα
639 2329 776 2414 κατέστη
798 2325 912 2416 μήτηρ.
948 2321 1084 2406 ἁλόντος
1103 2326 1141 2395 δέ

189 2432 251 2498 τοῆ
272 2427 436 2518 μάρτυρος
459 2431 514 2497 καὶ
532 2424 716 2516 ἀποστάσης
733 2431 793 2497 του
809 2424 932 2516 κλήρου
958 2430 1016 2514 τῆς
1041 2423 1140 2517 άμφι·

191 2528 375 2616 σβητοόσης
397 2536 535 2616 γνησίας
556 2524 722 2616 θυγατρός
740 2525 867 2620 Πόρρμ
891 2527 992 2614 εἶναι,
1015 2526 1140 2616 μεγάλη

191 2624 316 2716 άνάγκη
340 2625 406 2717 άμα
428 2631 482 2697 καὶ
505 2625 566 2716 τήν
588 2626 709 2698 τούτου
736 2636 921 2717 μαρτυρίαν
945 2629 1140 2698 ἑαλωκέναι·

191 2730 265 2815 περὶ
288 2726 351 2819 γάρ
375 2724 479 2797 αὐτοῦ
503 2726 623 2798 τοότου
652 2723 669 2796 ὁ
694 2725 957 2818 διαμαρτυρήσας
985 2724 1046 2816 τῆν
1073 2731 1142 2796 τω”ν

191 2832 486 2917 ψευδομαρτυριῶν
505 2835 601 2916 δίκην
612 2825 801 2915 ῆγωνίζετο,
820 2827 957 2917 πότερον
976 2831 1006 2911 ἐξ
1025 2832 1141 2915 ἐγγυη-

191 2932 248 3016 τῆς
275 2923 296 3016 3
327 2931 357 3010 ἐξ
388 2929 518 3018 ἑταίρας
544 2924 565 3016 ῆ
595 2925 844 3016 ἀμφισβητοῦσα
866 2932 928 2998 τοῦ
949 2926 1072 3017 κλήρου
1095 2931 1142 3020 τῷ

191 3036 274 3121 θείῳ
303 3025 458 3115 γυναικός
490 3039 549 3116 εἴη·
594 3027 766 3116 γνώσεσθε
797 3025 828 3096 δ’
858 3024 1057 3109 άκοόσαντες
1085 3029 1142 3097 καὶ

191 3124 285 3218 ὑμεῖς
302 3131 359 3216 τῆς
377 3155 412 3197 τε
429 3125 632 3218 ἀντωμοσίας
649 3132 705 3216 τῆς
719 3123 875 3219 ἡμετέρας
889 3131 943 3198 καὶ
955 3133 1011 3217 τῆς
1022 3126 1144 3200 τούτου

190 3236 371 3320 μαρτυρίας
394 3231 448 3298 καὶ
477 3233 534 3316 τῆς
562 3224 703 3316 ἁλούσης
733 3234 976 3320 διαμαρτυρίας.
1016 3225 1146 3316 Ἀνανί-

158 3351 173 3399 7
190 3351 319 3418 γνωσκε
335 3321 448 3416 λαβιδν
464 3331 560 3400 τασδὶ
579 3327 701 3410 αὐτοῖς.
798 3387 801 3396 ,

297 3458 521 3511 ΑΝΤΩΜΟΣΙΑ.
555 3459 750 3510 ΜΔΡΤΤΡΙΔ.
785 3459 1041 3512 ΔΙΑΜᾹΡΤΤΡΙΑ.
