2490 3914
100 131 128 183 p.
146 116 188 168 57.
233 115 326 166 ΠΕΡΙ
342 115 419 166 ΤΟΤ
437 112 737 166 ΦΙΛΟΚΤΗΜΟΝΟΣ
754 112 920 165 ΚΛΗΡΟΤ.
1016 121 1057 183 73

145 281 311 382 δροκλὲους
316 303 369 383 μη
346 273 456 342 εἶναι
477 279 513 342 ἐπ
514 273 649 342 ίδικον”
633 302 716 353 ουτος
733 273 913 360 Ἀντιδώρου
934 283 1057 361 γνησίου

106 425 109 430 .
143 358 247 439 παιδός
267 359 454 444 Εὐκτήμονι,
477 387 505 425 οι
498 364 592 446 περὶ
613 364 864 464 Χαιρίστρατουί
850 365 1056 467 πεσκήιμαντο

141 473 178 534 τη
166 450 404 536 διαμαρτυρία,
420 448 470 510 καί
486 452 591 511 τοῦτον
612 448 662 510 καὶ
677 439 732 525 τήν
747 440 932 526 ἆδελφήν’
896 453 989 512 αυτοῦ
1004 447 1056 512 νό-

142 541 219 607 θους
243 513 395 636 μεμονένόι
423 530 601 636 φρὶσκοντες,
628 525 681 594 τόν
707 531 739 594 δὲ
758 529 851 633 νόμον
875 531 1058 632 διαγορεύειν

143 614 228 716 νόθῳ
249 620 301 680 καί
320 613 400 703 νόθη
414 643 461 720 μη
448 612 555 678 εἶναι
575 612 748 712 ἀγχιστείαν.
777 609 815 678 H
834 613 933 691 στάσις
953 638 1057 698 στοχα-

142 679 228 801 σμός·
249 697 360 781 ἄδηλον
385 696 441 784 μὰρ
459 704 486 763 εί
497 701 614 802 ἐποίησε
629 695 824 803 ΙΦιλοκτήμοτν
839 701 1061 784 Χαιρέστρατον

143 777 210 847 υίδν
229 785 337 874 ἕαυτῳ,
360 786 411 850 καὶ
428 785 518 848 πόλιν
539 780 649 864 όὶδηλου
668 785 695 846 εί
713 781 834 866 γνήσιοί
847 787 921 847 εἰσιν
941 788 974 848 οί
990 787 1060 870 περί

143 850 328 953 Ἀντίδωρον.

170 991 239 1066 Ὅτι
264 1000 341 1087 μέν,
370 1026 395 1066 ω
384 987 548 1088 ἄνδρες,
575 994 709 1068 πάντων
731 995 914 1068 οἰκειότατα
930 1001 1057 1089 χρῶμαι

102 1096 322 1191 Φανοστράτῳ
339 1126 375 1168 τε
392 1100 448 1168 καὶ
465 1094 696 1191 Χαιρεστρότῳ
720 1106 858 1191 τουτῳί,
884 1095 962 1178 τοδς
979 1109 1057 1170 πολ-

101 1195 180 1279 λοδς
197 1197 287 1288 οίμαι
304 1194 399 1288 ὑμῶν
426 1203 566 1288 εἰδέναι,
593 1215 661 1279 τοῖς
680 1198 717 1267 δὲ
733 1196 778 1288 μή
797 1197 922 1269 εἰδόσιν
941 1198 1057 1271 ίκαυδν

103 1301 168 1389 ἐρεῖ
192 1298 382 1390 τεκμήριον
410 1297 464 1370 ὅτε
488 1297 551 1392 γὰρ
579 1307 625 1380 είς
642 1308 801 1372 Σικελίαν
827 1303 951 1382 ἐξέπλει
968 1329 1056 1391 τριη·
1150 1371 1156 1385 „

101 1403 233 1490 ραρχόν
250 1404 506 1492 Χαιρέστρατος,
534 1398 589 1483 διδ
614 1398 650 1470 τδ
668 1399 829 1491 πρότερον
846 1396 945 1482 αὐτὸς
964 1404 1057 1471 ἐκπε-

101 1504 278 1572 πλευκέναι
304 1500 465 1593 προῄδειν
490 1499 614 1582 πάντας
639 1499 716 1582 τοδς
743 1504 917 1591 ἐσομένους
943 1500 1057 1572 κινδύ-

100 1629 199 1690 νους,
226 1599 314 1692 ὅμως
341 1603 378 1672 δὲ
406 1605 573 1692 δεομένων
597 1601 725 1672 τούτων
742 1605 797 1672 καὶ
814 1606 1058 1686 συνεξέπλευσα

100 1704 157 1772 καὶ
183 1701 456 1793 συνεδυσττίχησα
472 1706 528 1774 καὶ
546 1701 694 1793 ἑάλωμεν
713 1710 761 1784 είς
777 1700 854 1784 τοδς
872 1711 1056 1793 πολεμίους.

100 1800 224 1874 ἄτοπον
251 1801 292 1891 δή
320 1811 350 1874 εί
377 1808 485 1876 ἐκεῖνα
507 1805 569 1894 μὲν
586 1802 763 1896 προδήλων
781 1801 888 1874 όντων
904 1807 972 1875 τῶν
989 1833 1057 1875 κιν·
1075 1820 1092 1870 2

102 1902 261 1974 66vwv‘'
241 1933 329 1994 ομως
357 1901 462 1976 διδι
427 1934 465 1976 το
482 1908 625 1996 χρῆσθαι
642 1903 769 1986 τούτοις
795 1907 850 1975 καὶ
868 1912 987 1994 φίλους
1003 1934 1058 1976 νο-

99 2012 207 2127 μίζειν
222 2000 404 2096 ὑπέμενον,
430 2009 496 2077 οὖν
523 2003 624 2075 δὲ’
585 2035 625 2076 ου
649 2004 819 2099 πειρῴμην
836 2023 1008 2128 σῳυειπεῑυ
1026 2010 1060 2090 ἐξ

1 2132 2 2135 ’
101 2133 151 2175 σου
167 2101 263 2197 ὑμεῖς
279 2103 320 2176 τδι
336 2135 372 2177 τε
391 2104 511 2199 εὔορκα
536 2119 718 2196 ψηφιεῖσθε
734 2109 789 2178 καί
807 2105 934 2188 τούτοις
951 2135 992 2176 τα
980 2105 1061 2176 δί

100 2235 178 2276 καια
209 2205 390 2296 γενήσεται.
444 2212 558 2332 δέομομ
587 2199 652 2279 οὖν
676 2204 772 2298 δμοῖυ
798 2205 997 2332 συμμνοίμήν
1023 2236 1059 2278 τε

101 2313 189 2397 ἔχειν
206 2311 261 2378 καὶ
279 2305 349 2397 μετ’.
379 2306 456 2406 εήνο
459 2318 510 2391 ίας
527 2307 769 2429 οἷκροήσασθαι·
793 2338 812 2381 ο
828 2337 892 2399 γαρ
910 2305 1000 2396 οἶνόν
1018 2305 1059 2379 06

100 2406 215 2499 μικρδς
233 2406 363 2498 αὐτοῖς,
383 2385 466 2534 σἰλλήι
482 2413 623 2502 περὶ
576 2439 643 2483 τιον
660 2417 832 2534 μεμίστωυ.

178 2509 394 2600 Φιλοκτήμων
419 2509 482 2633 γὰρ
508 2507 525 2582 6
551 2509 735 2638 Κηφισιεύς
761 2518 857 2600 φίλος
882 2501 925 2679 ήν
942 2521 1059 2607 Χαιρε·
1077 2526 1094 2578 3
1130 2539 1135 2549 ·

101 2608 230 2734 στρότῳ
255 2620 391 2705 τουτῳί
420 2609 499 2693 δοδς
526 2610 624 2682 δὲ
588 2640 628 2682 τα
654 2640 774 2683 εαυτου
762 2614 903 2682 *tuat
863 2640 885 2681 υ
900 2609 940 2680 δν
957 2608 1060 2682 αὐτόν

101 2709 319 2800 ποιησάμενος
337 2711 535 2802 ἐτελεύτησε.
563 2711 718 2802 λαχόντος
735 2713 842 2782 δὲτου
831 2712 1074 2802 Χαιρεστρά-

100 2839 162 2881 του
179 2807 261 2880 κατδι
276 2809 334 2884 τδυ
350 2813 454 2904 νόμον
470 2842 530 2885 του
518 2813 689 2905 κλήρου,
717 2811 789 2896 ἐξδν
814 2810 1061 2935 ἆμφισβητήσαι

98 2909 289 2999 Ἀθηναίων
313 2942 360 3008 τῳ
386 2918 577 3008 βουλομένῳ
603 2917 659 2985 καὶ
678 2910 857 3006 εὐθυδικίᾳ
876 2912 1062 2984 εἰσελθόντι

104 3007 194 3094 είς
173 3015 277 3102 υμᾶς,
305 3021 336 3084 εί
360 3025 510 3105 φαίνοιτο
530 3015 715 3107 δικαιότερα
741 2986 863 3105 λέγωσί,
891 3022 978 3103 ἔχειν
1003 3012 1063 3084 τὸν

102 3118 244 3206 κλήρου,
272 3116 532 3208 διεμαρτόρησευ
547 3113 745 3207 Ἀνδροκλῆς
763 3111 877 3186 οὑτοσὶ
895 3143 939 3204 μη
929 3113 1060 3237 ἑμίδι-
1077 3133 1096 3182 4

102 3243 163 3286 κον
183 3214 318 3286 εἶναι
283 3245 343 3287 τον
365 3220 504 3308 κλήρου,
529 3213 720 3309 ἀποστερῶν
742 3221 860 3288 τοῦτον
882 3219 940 3302 τῆς
962 3211 1061 3304 ἀμφι-

101 3315 293 3404 σβητήσεως
303 3319 359 3387 καὶ
370 3312 455 3406 ὑμᾶς
472 3321 534 3387 τοῦ
549 3327 686 3408 κυρίους
703 3322 862 3407 γενέσθαι
878 3312 992 3386 ὅντινα
1010 3322 1064 3386 δεῖ
1093 3381 1096 3390 ¹

100 3415 308 3506 κληρονόμου
334 3414 601 3507 καταστήσασθαι
625 3423 694 3490 τόν
721 3415 978 3508 Φιλοκτήμονος·
1004 3418 1061 3486 καὶ
