2490 3914
79 173 106 223 p.
125 157 167 208 τι.
285 154 376 219 ποετ
393 153 470 208 νον
486 154 650 207 mmor„
666 155 829 237 ελεγον.
933 164 1035 226 ·111
1133 186 1136 192 ,

157 322 209 397 06
236 333 352 397 τοίνυν
380 329 417 396 ἐκ
445 325 565 398 τοάτον
586 325 705 416 μόνον,
733 323 816 398 ἀλλά
839 329 894 397 καὶ
918 331 954 397 ἐκ
976 331 1038 399 τοῦ
1053 348 1086 401 32

18 482 20 491 .
81 429 158 518 περὶ
174 430 232 516 τῆς
255 425 428 508 κακώσεως
451 426 572 549 νόμον
579 425 681 516 δῆλόν
705 429 802 498 ἐστιν.
846 435 876 498 εἰ
896 425 959 550 γάρ
982 435 1035 518 ἔζη

80 523 175 616 μὲν
159 556 177 599 ο
195 524 343 618 πάππος,
344 525 478 649 ἐνδεὴς
497 517 572 596 δὲ
550 555 593 615 ην
603 555 671 598 των
685 525 953 616 ἐπιτηδείων,’
914 557 976 598 ονκ
993 525 1035 600 ἀν

79 618 178 708 οὗτος
194 624 352 708 ὑπόδικος
369 617 413 749 ᾖν
423 631 481 716 τῆς
492 627 668 709 κακώσεως
684 624 758 698 ἀλλ’
777 624 879 718 ἡμεῖς.
907 627 1035 699 κελεύει

80 726 144 816 γάρ
167 731 303 817 τρέφειν
322 725 413 808 τούς
422 731 553 816 γονέας
576 745 686 817 γονεῖς
709 725 741 798 δ’
766 732 829 798 εδσλ
851 727 957 852 66666
979 732 1035 800 καὶ

79 825 189 918 πατὴρ
211 831 267 898 καὶ
289 827 421 909 πάππος
443 830 499 899 καλ
520 828 607 917 τήθη
630 827 705 898 καὶ
707 827 834 900 τούτων
856 827 1036 919 μήτηρκαὶ

80 927 204 1018 πατήρ,
231 927 288 999 ἐάν
311 937 357 1000 ἔτι
380 931 491 1013 ζώειν·
516 925 720 1021 ἑκείνοιγάρ
741 925 824 1020 ἀργὴ
840 932 1035 1017 τοῦγένους

81 1037 163 1117 εἰσί,
181 1031 237 1098 καλ
254 1028 294 1099 τά
312 1034 449 1105 ἐκείνων
465 1036 684 1120 παραδίδοται
700 1047 769 1111 τοῖς
787 1029 948 1118 ἐκγόνοις·
968 1029 1035 1100 διό-

80 1155 143 1219 περ
167 1125 293 1218 ἀνάγκη
315 1133 449 1221 τρέφειν
477 1127 598 1212 αότοός
622 1133 706 1219 ἐστι,
731 1126 794 1202 κάν
810 1131 915 1220 μηδὲν
937 1159 1034 1200 κατα-

78 1237 209 1300 λίπωσι.
252 1231 320 1311 πώς
343 1221 405 1301 οὖν
429 1229 559 1302 δίκαιόν
577 1234 680 1320 ἐστιν,
705 1229 762 1301 ἐάν
778 1231 840 1320 μὲν
856 1232 961 1354 ρηδδν
979 1261 1034 1302 κα-

79 1327 321 1420 ταλίπωσιν,’
302 1335 386 1421 ημᾶς
408 1328 589 1412 ὑποδίκους
607 1331 751 1402 εἶναι
710 1360 767 1419 της
785 1329 973 1454 κακώσεως,
992 1326 1035 1419 ἢν

80 1428 127 1520 66
149 1435 337 1554 τρίφωμεν,
368 1439 399 1502 εί
422 1435 462 1502 δέ
484 1460 515 1502 τι
539 1440 807 1521 καταλελοίπασι,
830 1428 923 1502 τόνδ’
949 1432 1034 1502 εἶναι

81 1527 286 1659 κληρονόμον
303 1528 386 1602 ἀλλά
403 1529 447 1655 66
464 1527 565 1621 66635
583 1529 736 1622 οὐδαμοῖς
754 1531 932 1620 δήπουθεν.

142 1629 281 1722 Πρός“
262 1661 321 1703 ενα
340 1630 427 1702 δὲ
393 1661 451 1704 τον
453 1636 670 1760 πρώτοντων
681 1635 853 1722 σνγγενών
869 1630 1032 1722 προσάξω,
1051 1659 1084 1712 33
1211 1644 1219 1668 ⁸

80 1734 137 1802 καὶ
159 1761 219 1802 του
209 1735 358 1821 γένονς
381 1730 462 1803 καθ’
480 1735 617 1804 ἕκαστον
637 1729 724 1822 ὑμᾶς
742 1731 907 1825 ἐρωτήσω
930 1735 1034 1824 ῥᾷστα

79 1830 144 1922 γάρ
161 1828 247 1902 οὕτω
263 1829 396 1922 μάθοιτ’
416 1831 466 1903 ἀν.
502 1840 652 1925 Κίρωνος
679 1833 818 1924 πότερον
838 1830 989 1924 θνγάτηρ
1012 1827 1033 1920 6

80 1929 225 2021 ἀδελφός
248 1936 410 2025 ἐγγυτέρω
433 1937 495 2003 τοῦ
515 1937 633 2022 γε’νονς
657 1938 727 2004 ἐστί
733 1968 742 2021 3
774 1935 875 2022 δῆλον
898 1931 962 2023 γάρ
984 1929 1034 2002 ότι

80 2031 247 2123 θυγάτηρ·
271 2029 292 2121 6
313 2035 374 2123 μὲν
395 2033 459 2125 γάρ
483 2039 515 2117 ἐξ
534 2038 662 2108 ἐκείνου
683 2036 835 2123 γέγονεν,
858 2028 877 2104 ὁ
902 2034 939 2103 δὲ
961 2029 1032 2122 μετ’

82 2137 220 2216 ἐκείνου.
255 2132 424 2226 θυγατρός
443 2135 480 2204 δὲ
497 2141 613 2216 παῖδες
631 2129 652 2223 6
669 2131 829 2224 ἀδελφός;
848 2139 963 2213 παῖδες
978 2131 1034 2221 δή·

81 2245 225 2304 novom·
249 2237 344 2322 γένος
367 2231 521 2323 γάράλλ’
540 2232 613 2324 οὐχὶ
631 2238 808 2323 συγγένεια
823 2230 914 2304 τοῦτ’
936 2238 1032 2303 ἐστίν.

83 2331 177 2422 είδὴ
199 2337 380 2426 προίχομεν
403 2331 553 2424 άδελφοά
568 2339 741 2424 τοσοῦτον,
764 2325 787 2423 6
803 2362 867 2405 που
884 2337 985 2404 τοῦδέ
999 2329 1033 2422 γ’

80 2432 174 2515 ὄντος
191 2430 377 2524 ἀδελφιδοῦ
399 2434 553 2557 πάμπολυ
571 2434 727 2527 πρότεροί
747 2440 853 2524 ἐσμεν.
889 2437 1035 2505 Δίδοικα
1051 2446 1086 2498 34

82 2533 177 2603 δὲ
136 2563 180 2624 μη
198 2543 273 2658 λίαν
290 2530 538 2625 ομολογονμενα
548 2538 654 2624 λέγων
673 2539 819 2626 ἐνοχλεῖν
835 2531 924 2624 ὑμῖν
935 2532 1032 2616 δόξω

80 2633 201 2716 πάντες
217 2633 280 2726 γάρ
297 2631 393 2725 ὑμεῖς
409 2637 476 2706 τών
493 2634 672 2729 πατρῴων,
689 2640 757 2707 τών
767 2632 950 2728 παππηώων,
968 2662 1035 2704 των

81 2742 129 2804 ἔτι
151 2737 331 2827 περαιτέρω
355 2747 586 2827 κληρονομεῖτε
610 2741 647 2806 ἐκ
663 2740 780 2861 γέρονς
797 2732 1034 2825 παρειληφότες

79 2864 142 2924 την
159 2833 347 2957 ἀγηιστείαν
364 2834 572 2926 ἀνεπίδικον,
596 2834 715 2908 καὶ’
675 2866 738 2907 ονκ
755 2833 822 2907 οἶδ’
843 2846 874 2906 εἰ
888 2863 952 2905 τινι
971 2832 1034 2956 πρὸ

79 2939 142 3006 606
169 2933 300 3008 πώποτε
326 2939 472 3019 τοιοῦτος
493 2934 586 3027 ἀγών
612 2940 828 3066 σνριβέβηκεν.
868 2933 1035 3024 άναγνοός

79 3025 143 3108 066
160 3034 219 3108 τόν
235 3041 292 3125 τῆς
309 3038 481 3160 κακώσεως
498 3037 618 3162 νόμον,
637 3027 685 3109 ών
703 3043 799 3109 ἕνεκα
811 3037 914 3108 ταῦτα
925 3044 1035 3125 γίγνε

79 3167 149 3228 ται,
169 3139 226 3210 καὶ
241 3143 323 3208 ταάτ
328 3135 419 3226 ’ἤδη
436 3137 632 3230 πειράσομαι
651 3139 829 3210 διδάσκειν

490 3303 628 3354 ΝΟΜΟΣ.

154 3452 270 3535 Κίρων
292 3437 356 3533 γάρ
381 3445 530 3531 ἐκέκτητο
555 3438 695 3532 οάσίαν,
724 3433 752 3512 6
771 3441 909 3533 ἀνδρες,
933 3435 1035 3532 ἀγρόν
1052 3455 1085 3510 36
