<?xml version="1.0" encoding="UTF-8"?>
<!DOCTYPE html PUBLIC "-//W3C//DTD XHTML 1.0 Transitional//EN"
    "http://www.w3.org/TR/xhtml1/DTD/xhtml1-transitional.dtd">
<html xmlns="http://www.w3.org/1999/xhtml" xml:lang="en" lang="en">
 <head>
  <title>
</title>
<meta http-equiv="Content-Type" content="text/html;charset=utf-8" />
  <meta name='ocr-system' content='tesseract 3.04.00' />
  <meta name='ocr-capabilities' content='ocr_page ocr_carea ocr_par ocr_line ocrx_word'/>
</head>
<body>
  <div class='ocr_page' id='page_1' title='image "./isaeiorationesc01isaegoog_0207.png"; bbox 0 0 2490 3914; ppageno 0'>
   <div class='ocr_carea' id='block_1_1' title="bbox 196 119 1161 188">
    <p class='ocr_par' dir='ltr' id='par_1_1' title="bbox 196 119 1161 188">
     <span class='ocr_line' id='line_1_1' title="bbox 196 119 1161 188; baseline -0.021 0"><span class='ocrx_word' id='word_1_1' title='bbox 196 125 258 188; x_wconf 82' lang='lat'><strong><em>152</em></strong></span> <span class='ocrx_word' id='word_1_2' title='bbox 608 119 739 172; x_wconf 76' lang='grc' dir='ltr'><strong>ΙΣΑΙΟΤ</strong></span> <span class='ocrx_word' id='word_1_3' title='bbox 1027 119 1161 170; x_wconf 67' lang='lat'><strong>02.12.</strong></span> 
     </span>
    </p>
   </div>
   <div class='ocr_carea' id='block_1_2' title="bbox 196 257 1219 410">
    <p class='ocr_par' dir='ltr' id='par_1_2' title="bbox 196 257 1219 410">
     <span class='ocr_line' id='line_1_2' title="bbox 196 257 1219 410; baseline -0.001 -49"><span class='ocrx_word' id='word_1_4' title='bbox 196 303 279 378; x_wconf 76' lang='grc' dir='ltr'><strong><em>σθαι</em></strong></span> <span class='ocrx_word' id='word_1_5' title='bbox 296 288 505 381; x_wconf 78' lang='grc' dir='ltr'><strong><em>ύλίήλαις”</em></strong></span> <span class='ocrx_word' id='word_1_6' title='bbox 468 322 503 362; x_wconf 92' lang='grc' dir='ltr'><strong><em>αι</em></strong></span> <span class='ocrx_word' id='word_1_7' title='bbox 520 321 556 363; x_wconf 85' lang='grc' dir='ltr'><strong><em>τε</em></strong></span> <span class='ocrx_word' id='word_1_8' title='bbox 573 258 729 384; x_wconf 81' lang='grc' dir='ltr'><strong><em>μητρυιαὶ</em></strong></span> <span class='ocrx_word' id='word_1_9' title='bbox 746 293 802 362; x_wconf 82' lang='grc' dir='ltr'><strong><em>καὶ</em></strong></span> <span class='ocrx_word' id='word_1_10' title='bbox 828 321 862 362; x_wconf 93' lang='grc' dir='ltr'><strong><em>αι</em></strong></span> <span class='ocrx_word' id='word_1_11' title='bbox 854 257 1099 410; x_wconf 36' lang='grc' dir='ltr'><strong><em>πρόγονδιᾹ</em></strong></span> <span class='ocrx_word' id='word_1_12' title='bbox 1068 313 1161 360; x_wconf 86' lang='grc' dir='ltr'><strong><em>ωστε</em></strong></span> <span class='ocrx_word' id='word_1_13' title='bbox 1218 283 1219 300; x_wconf 28' lang='lat'>6</span> 
     </span>
    </p>
   </div>
   <div class='ocr_carea' id='block_1_3' title="bbox 199 382 1222 534">
    <p class='ocr_par' dir='ltr' id='par_1_3' title="bbox 199 382 1222 534">
     <span class='ocr_line' id='line_1_3' title="bbox 199 382 1222 534; baseline -0.002 -73"><span class='ocrx_word' id='word_1_14' title='bbox 199 399 231 462; x_wconf 80' lang='grc' dir='ltr'><strong><em>εί</em></strong></span> <span class='ocrx_word' id='word_1_15' title='bbox 254 382 350 474; x_wconf 89' lang='grc' dir='ltr'><strong><em>οῦτος</em></strong></span> <span class='ocrx_word' id='word_1_16' title='bbox 377 397 408 476; x_wconf 79' lang='grc' dir='ltr'><strong><em>ἐξ</em></strong></span> <span class='ocrx_word' id='word_1_17' title='bbox 433 389 536 464; x_wconf 80' lang='grc' dir='ltr'><strong><em>ἄλλου</em></strong></span> <span class='ocrx_word' id='word_1_18' title='bbox 561 391 650 476; x_wconf 89' lang='grc' dir='ltr'><strong><em>τινδς</em></strong></span> <span class='ocrx_word' id='word_1_19' title='bbox 668 390 789 485; x_wconf 80' lang='grc' dir='ltr'><strong><em>ἀνδρὸς</em></strong></span> <span class='ocrx_word' id='word_1_20' title='bbox 810 382 853 514; x_wconf 81' lang='grc' dir='ltr'><strong><em>ήν</em></strong></span> <span class='ocrx_word' id='word_1_21' title='bbox 875 395 917 481; x_wconf 81' lang='grc' dir='ltr'><strong><em>πή</em></strong></span> <span class='ocrx_word' id='word_1_22' title='bbox 933 419 1075 514; x_wconf 81' lang='grc' dir='ltr'><strong><em>μητρυιηι</em></strong></span> <span class='ocrx_word' id='word_1_23' title='bbox 1063 393 1159 460; x_wconf 81' lang='grc' dir='ltr'><strong><em>καὶ</em></strong></span> <span class='ocrx_word' id='word_1_24' title='bbox 1221 466 1222 534; x_wconf 46' lang='grc' dir='ltr'><strong><em>ρ</em></strong></span> 
     </span>
    </p>
   </div>
   <div class='ocr_carea' id='block_1_4' title="bbox 197 483 1222 620">
    <p class='ocr_par' dir='ltr' id='par_1_4' title="bbox 197 483 1222 620">
     <span class='ocr_line' id='line_1_4' title="bbox 197 483 1222 620; baseline -0.003 -58"><span class='ocrx_word' id='word_1_25' title='bbox 197 488 261 562; x_wconf 91' lang='grc' dir='ltr'><strong><em>ούκ</em></strong></span> <span class='ocrx_word' id='word_1_26' title='bbox 279 496 315 562; x_wconf 83' lang='grc' dir='ltr'><strong><em>ἐκ</em></strong></span> <span class='ocrx_word' id='word_1_27' title='bbox 331 521 391 564; x_wconf 90' lang='grc' dir='ltr'><strong><em>του</em></strong></span> <span class='ocrx_word' id='word_1_28' title='bbox 379 488 565 620; x_wconf 76' lang='grc' dir='ltr'><strong><em>ἡμετέρου</em></strong></span> <span class='ocrx_word' id='word_1_29' title='bbox 583 492 720 586; x_wconf 88' lang='grc' dir='ltr'><strong><em>πατρός,</em></strong></span> <span class='ocrx_word' id='word_1_30' title='bbox 738 489 801 564; x_wconf 86' lang='grc' dir='ltr'><strong><em>οῦκ</em></strong></span> <span class='ocrx_word' id='word_1_31' title='bbox 817 490 860 564; x_wconf 75' lang='grc' dir='ltr'><strong><em>ἅν</em></strong></span> <span class='ocrx_word' id='word_1_32' title='bbox 876 519 970 581; x_wconf 87' lang='grc' dir='ltr'><strong><em>ποτε,</em></strong></span> <span class='ocrx_word' id='word_1_33' title='bbox 989 521 1016 562; x_wconf 87' lang='grc' dir='ltr'><strong><em>ω</em></strong></span> <span class='ocrx_word' id='word_1_34' title='bbox 1004 483 1158 580; x_wconf 78' lang='grc' dir='ltr'><strong><em>ἄνδρες</em></strong></span> <span class='ocrx_word' id='word_1_35' title='bbox 1221 539 1222 600; x_wconf 53' lang='grc' dir='ltr'><strong><em>ρ</em></strong></span> 
     </span>
    </p>
   </div>
   <div class='ocr_carea' id='block_1_5' title="bbox 124 590 1228 3508">
    <p class='ocr_par' dir='ltr' id='par_1_5' title="bbox 124 590 1228 1895">
     <span class='ocr_line' id='line_1_5' title="bbox 199 590 1222 715; baseline 0 -53"><span class='ocrx_word' id='word_1_36' title='bbox 199 598 351 663; x_wconf 89' lang='grc' dir='ltr'><strong><em>δικασταί</em></strong></span> <span class='ocrx_word' id='word_1_37' title='bbox 336 590 455 682; x_wconf 83' lang='grc' dir='ltr'><strong><em>ί,τούς</em></strong></span> <span class='ocrx_word' id='word_1_38' title='bbox 474 597 601 665; x_wconf 83' lang='grc' dir='ltr'><strong><em>ἑαυτῦν</em></strong></span> <span class='ocrx_word' id='word_1_39' title='bbox 618 592 743 686; x_wconf 76' lang='grc' dir='ltr'><strong><em>ἄνδρας</em></strong></span> <span class='ocrx_word' id='word_1_40' title='bbox 761 599 798 664; x_wconf 87' lang='grc' dir='ltr'><strong><em>αί</em></strong></span> <span class='ocrx_word' id='word_1_41' title='bbox 813 590 955 680; x_wconf 79' lang='grc' dir='ltr'><strong><em>ἀδελφαὶ</em></strong></span> <span class='ocrx_word' id='word_1_42' title='bbox 963 608 1157 715; x_wconf 75' lang='grc' dir='ltr'><strong><em>μαρτυρεῖν</em></strong></span> <span class='ocrx_word' id='word_1_43' title='bbox 1221 605 1222 622; x_wconf 75' lang='lat'>³</span> 
     </span>
     <span class='ocr_line' id='line_1_6' title="bbox 163 688 1156 785; baseline 0 -23"><span class='ocrx_word' id='word_1_44' title='bbox 163 700 314 764; x_wconf 74' lang='grc' dir='ltr'><strong><em>θείασαν</em></strong></span> <span class='ocrx_word' id='word_1_45' title='bbox 341 693 408 784; x_wconf 80' lang='grc' dir='ltr'><strong><em>[καὶ</em></strong></span> <span class='ocrx_word' id='word_1_46' title='bbox 435 694 637 785; x_wconf 80' lang='grc' dir='ltr'><strong><em>ἐπέτρεψαν].</em></strong></span> <span class='ocrx_word' id='word_1_47' title='bbox 682 697 738 766; x_wconf 80' lang='grc' dir='ltr'><strong><em>καὶ</em></strong></span> <span class='ocrx_word' id='word_1_48' title='bbox 763 691 829 783; x_wconf 86' lang='grc' dir='ltr'><strong><em>μήν</em></strong></span> <span class='ocrx_word' id='word_1_49' title='bbox 854 688 978 764; x_wconf 71' lang='grc' dir='ltr'><strong><em>ούδ’”</em></strong></span> <span class='ocrx_word' id='word_1_50' title='bbox 957 722 1000 763; x_wconf 90' lang='grc' dir='ltr'><strong><em>αν</em></strong></span> <span class='ocrx_word' id='word_1_51' title='bbox 1025 688 1156 772; x_wconf 79' lang='grc' dir='ltr'><strong><em>ὁδεῑος</em></strong></span> 
     </span>
     <span class='ocr_line' id='line_1_7' title="bbox 197 789 1155 916; baseline -0.001 -52"><span class='ocrx_word' id='word_1_52' title='bbox 197 791 280 885; x_wconf 88' lang='grc' dir='ltr'><strong><em>πρδς</em></strong></span> <span class='ocrx_word' id='word_1_53' title='bbox 297 792 417 886; x_wconf 81' lang='grc' dir='ltr'><strong><em>μητρὸς</em></strong></span> <span class='ocrx_word' id='word_1_54' title='bbox 434 789 515 884; x_wconf 81' lang='grc' dir='ltr'><strong><em>ήμῐν</em></strong></span> <span class='ocrx_word' id='word_1_55' title='bbox 533 793 596 884; x_wconf 76' lang='lat'><strong><em>66,</em></strong></span> <span class='ocrx_word' id='word_1_56' title='bbox 614 795 721 888; x_wconf 80' lang='grc' dir='ltr'><strong><em>τούτῳ</em></strong></span> <span class='ocrx_word' id='word_1_57' title='bbox 740 796 777 865; x_wconf 74' lang='grc' dir='ltr'><strong><em>δὲ</em></strong></span> <span class='ocrx_word' id='word_1_58' title='bbox 794 791 896 864; x_wconf 70' lang='grc' dir='ltr'><strong><em>ούδὲν</em></strong></span> <span class='ocrx_word' id='word_1_59' title='bbox 896 792 1084 916; x_wconf 79' lang='grc' dir='ltr'><strong><em>προσήκων</em></strong></span> <span class='ocrx_word' id='word_1_60' title='bbox 1098 791 1155 880; x_wconf 90' lang='grc' dir='ltr'><strong><em>δή·</em></strong></span> 
     </span>
     <span class='ocr_line' id='line_1_8' title="bbox 198 884 1224 987; baseline -0.003 -23"><span class='ocrx_word' id='word_1_61' title='bbox 198 921 264 964; x_wconf 91' lang='grc' dir='ltr'><strong><em>που</em></strong></span> <span class='ocrx_word' id='word_1_62' title='bbox 289 899 331 984; x_wconf 81' lang='grc' dir='ltr'><strong><em>τή</em></strong></span> <span class='ocrx_word' id='word_1_63' title='bbox 354 893 474 966; x_wconf 89' lang='grc' dir='ltr'><strong><em>τούτου</em></strong></span> <span class='ocrx_word' id='word_1_64' title='bbox 491 897 588 987; x_wconf 79' lang='grc' dir='ltr'><strong><em>μητρί</em></strong></span> <span class='ocrx_word' id='word_1_65' title='bbox 613 892 815 984; x_wconf 73' lang='grc' dir='ltr'><strong><em>ήθέίησεν”</em></strong></span> <span class='ocrx_word' id='word_1_66' title='bbox 795 924 853 983; x_wconf 91' lang='grc' dir='ltr'><strong><em>αν,</em></strong></span> <span class='ocrx_word' id='word_1_67' title='bbox 881 922 908 963; x_wconf 90' lang='grc' dir='ltr'><strong><em>ω</em></strong></span> <span class='ocrx_word' id='word_1_68' title='bbox 896 884 1044 985; x_wconf 82' lang='grc' dir='ltr'><strong><em>ύνδρες</em></strong></span> <span class='ocrx_word' id='word_1_69' title='bbox 1063 899 1155 962; x_wconf 85' lang='grc' dir='ltr'><strong><em>δικα-</em></strong></span> <span class='ocrx_word' id='word_1_70' title='bbox 1223 884 1224 946; x_wconf 59' lang='grc' dir='ltr'><strong><em>δ</em></strong></span> 
     </span>
     <span class='ocr_line' id='line_1_9' title="bbox 199 990 1156 1118; baseline -0.002 -54"><span class='ocrx_word' id='word_1_71' title='bbox 199 1002 289 1083; x_wconf 89' lang='grc' dir='ltr'><strong><em>σταί,</em></strong></span> <span class='ocrx_word' id='word_1_72' title='bbox 307 998 512 1118; x_wconf 74' lang='grc' dir='ltr'><strong><em>μαρτρρήσαι</em></strong></span> <span class='ocrx_word' id='word_1_73' title='bbox 533 1000 643 1117; x_wconf 75' lang='grc' dir='ltr'><strong><em>φευδή</em></strong></span> <span class='ocrx_word' id='word_1_74' title='bbox 663 1002 859 1088; x_wconf 84' lang='grc' dir='ltr'><strong><em>μαρτυρίαν,</em></strong></span> <span class='ocrx_word' id='word_1_75' title='bbox 879 990 963 1066; x_wconf 88' lang='grc' dir='ltr'><strong><em>δι’</em></strong></span> <span class='ocrx_word' id='word_1_76' title='bbox 949 1023 991 1082; x_wconf 93' lang='grc' dir='ltr'><strong><em>ην</em></strong></span> <span class='ocrx_word' id='word_1_77' title='bbox 1008 990 1088 1084; x_wconf 84' lang='grc' dir='ltr'><strong><em>ήμῑν</em></strong></span> <span class='ocrx_word' id='word_1_78' title='bbox 1105 1001 1156 1081; x_wconf 77' lang='grc' dir='ltr'><strong><em>μί·</em></strong></span> 
     </span>
     <span class='ocr_line' id='line_1_10' title="bbox 197 1091 1225 1220; baseline 0.002 -56"><span class='ocrx_word' id='word_1_79' title='bbox 197 1121 313 1183; x_wconf 79' lang='grc' dir='ltr'><strong><em>γνεται</em></strong></span> <span class='ocrx_word' id='word_1_80' title='bbox 339 1094 446 1184; x_wconf 76' lang='grc' dir='ltr'><strong><em>βλάβη</em></strong></span> <span class='ocrx_word' id='word_1_81' title='bbox 464 1095 663 1220; x_wconf 85' lang='grc' dir='ltr'><strong><em>περιφανής,</em></strong></span> <span class='ocrx_word' id='word_1_82' title='bbox 692 1107 726 1166; x_wconf 86' lang='grc' dir='ltr'><strong><em>εί</em></strong></span> <span class='ocrx_word' id='word_1_83' title='bbox 739 1124 801 1189; x_wconf 86' lang='grc' dir='ltr'><strong><em>περ</em></strong></span> <span class='ocrx_word' id='word_1_84' title='bbox 826 1091 957 1180; x_wconf 75' lang='grc' dir='ltr'><strong><em>ξένον”</em></strong></span> <span class='ocrx_word' id='word_1_85' title='bbox 939 1124 1019 1166; x_wconf 87' lang='grc' dir='ltr'><strong><em>οντα</em></strong></span> <span class='ocrx_word' id='word_1_86' title='bbox 1035 1097 1156 1166; x_wconf 88' lang='grc' dir='ltr'><strong><em>τοῦτον</em></strong></span> <span class='ocrx_word' id='word_1_87' title='bbox 1224 1094 1225 1180; x_wconf 72' lang='lat'><strong><em>6</em></strong></span> 
     </span>
     <span class='ocr_line' id='line_1_11' title="bbox 124 1183 1156 1308; baseline 0.001 -43"><span class='ocrx_word' id='word_1_88' title='bbox 124 1267 127 1274; x_wconf 69' lang='grc'><strong><em>,</em></strong></span> <span class='ocrx_word' id='word_1_89' title='bbox 200 1199 410 1286; x_wconf 76' lang='grc' dir='ltr'><strong><em>εἰσποιοῦμεν</em></strong></span> <span class='ocrx_word' id='word_1_90' title='bbox 426 1192 608 1287; x_wconf 65' lang='grc' dir='ltr'><strong><em>ἀδείφδν’</em></strong></span> <span class='ocrx_word' id='word_1_91' title='bbox 589 1213 669 1286; x_wconf 76' lang='grc' dir='ltr'><strong><em>ημῖν</em></strong></span> <span class='ocrx_word' id='word_1_92' title='bbox 685 1194 807 1280; x_wconf 82' lang='grc' dir='ltr'><strong><em>αύτοτς.</em></strong></span> <span class='ocrx_word' id='word_1_93' title='bbox 844 1203 891 1268; x_wconf 72' lang='grc' dir='ltr'><strong><em>ἔτι</em></strong></span> <span class='ocrx_word' id='word_1_94' title='bbox 907 1225 944 1308; x_wconf 81' lang='grc' dir='ltr'><strong><em>τρ</em></strong></span> <span class='ocrx_word' id='word_1_95' title='bbox 942 1204 1034 1287; x_wconf 89' lang='grc' dir='ltr'><strong><em>ίνυν,</em></strong></span> <span class='ocrx_word' id='word_1_96' title='bbox 1054 1183 1081 1264; x_wconf 82' lang='lat'><strong><em>6</em></strong></span> <span class='ocrx_word' id='word_1_97' title='bbox 1099 1192 1156 1266; x_wconf 77' lang='grc' dir='ltr'><strong><em>ἄν·</em></strong></span> 
     </span>
     <span class='ocr_line' id='line_1_12' title="bbox 200 1293 1226 1389; baseline -0.001 -23"><span class='ocrx_word' id='word_1_98' title='bbox 200 1302 277 1389; x_wconf 88' lang='grc' dir='ltr'><strong><em>δρες</em></strong></span> <span class='ocrx_word' id='word_1_99' title='bbox 296 1302 462 1387; x_wconf 89' lang='grc' dir='ltr'><strong><em>δικασταί,</em></strong></span> <span class='ocrx_word' id='word_1_100' title='bbox 489 1295 571 1389; x_wconf 77' lang='grc' dir='ltr'><strong><em>πρὸς</em></strong></span> <span class='ocrx_word' id='word_1_101' title='bbox 588 1296 715 1379; x_wconf 82' lang='grc' dir='ltr'><strong><em>τούτοις</em></strong></span> <span class='ocrx_word' id='word_1_102' title='bbox 732 1300 802 1379; x_wconf 84' lang='grc' dir='ltr'><strong><em>πῦς</em></strong></span> <span class='ocrx_word' id='word_1_103' title='bbox 819 1294 861 1368; x_wconf 77' lang='lat'><strong><em>66</em></strong></span> <span class='ocrx_word' id='word_1_104' title='bbox 878 1325 927 1378; x_wconf 89' lang='grc' dir='ltr'><strong><em>τις</em></strong></span> <span class='ocrx_word' id='word_1_105' title='bbox 945 1293 1040 1387; x_wconf 83' lang='grc' dir='ltr'><strong><em>ύμῦν</em></strong></span> <span class='ocrx_word' id='word_1_106' title='bbox 1058 1325 1157 1366; x_wconf 86' lang='grc' dir='ltr'><strong><em>κατα</em></strong></span> <span class='ocrx_word' id='word_1_107' title='bbox 1225 1304 1226 1358; x_wconf 69' lang='lat'>3</span> 
     </span>
     <span class='ocr_line' id='line_1_13' title="bbox 198 1351 1157 1518; baseline -0.001 -50"><span class='ocrx_word' id='word_1_108' title='bbox 198 1404 294 1486; x_wconf 83' lang='grc' dir='ltr'><strong><em>γνοίη</em></strong></span> <span class='ocrx_word' id='word_1_109' title='bbox 311 1351 608 1489; x_wconf 72' lang='grc' dir='ltr'><strong><em>ψευδομύρτυριῦν</em></strong></span> <span class='ocrx_word' id='word_1_110' title='bbox 624 1397 825 1518; x_wconf 81' lang='grc' dir='ltr'><strong><em>Δημαράτου</em></strong></span> <span class='ocrx_word' id='word_1_111' title='bbox 842 1401 975 1469; x_wconf 81' lang='grc' dir='ltr'><strong><em>τουτουὶ</em></strong></span> <span class='ocrx_word' id='word_1_112' title='bbox 991 1400 1046 1468; x_wconf 82' lang='grc' dir='ltr'><strong><em>καί</em></strong></span> <span class='ocrx_word' id='word_1_113' title='bbox 1060 1392 1157 1485; x_wconf 80' lang='grc' dir='ltr'><strong><em>Ἡγή-</em></strong></span> 
     </span>
     <span class='ocr_line' id='line_1_14' title="bbox 199 1495 1227 1593; baseline -0.001 -24"><span class='ocrx_word' id='word_1_114' title='bbox 199 1526 298 1588; x_wconf 88' lang='grc' dir='ltr'><strong><em>μονος</em></strong></span> <span class='ocrx_word' id='word_1_115' title='bbox 316 1497 620 1590; x_wconf 79' lang='grc' dir='ltr'><strong><em>καίΝικοστρύτου,</em></strong></span> <span class='ocrx_word' id='word_1_116' title='bbox 638 1507 672 1571; x_wconf 75' lang='grc' dir='ltr'><strong><em>οἳ</em></strong></span> <span class='ocrx_word' id='word_1_117' title='bbox 681 1502 813 1593; x_wconf 81' lang='grc' dir='ltr'><strong><em>πρῦτον</em></strong></span> <span class='ocrx_word' id='word_1_118' title='bbox 829 1500 891 1589; x_wconf 73' lang='grc' dir='ltr'><strong><em>μὲν</em></strong></span> <span class='ocrx_word' id='word_1_119' title='bbox 907 1495 1157 1588; x_wconf 70' lang='grc' dir='ltr'><strong><em>ούδεναίσχρδν</em></strong></span> <span class='ocrx_word' id='word_1_120' title='bbox 1226 1512 1227 1524; x_wconf 74' lang='grc'>’</span> 
     </span>
     <span class='ocr_line' id='line_1_15' title="bbox 199 1594 1227 1690; baseline -0.002 -21"><span class='ocrx_word' id='word_1_121' title='bbox 199 1594 359 1670; x_wconf 84' lang='grc' dir='ltr'><strong><em>ούδέποτε</em></strong></span> <span class='ocrx_word' id='word_1_122' title='bbox 375 1597 579 1688; x_wconf 81' lang='grc' dir='ltr'><strong><em>φανήσονται</em></strong></span> <span class='ocrx_word' id='word_1_123' title='bbox 597 1598 880 1690; x_wconf 81' lang='grc' dir='ltr'><strong><em>ἐπιτηδεύσαντες,</em></strong></span> <span class='ocrx_word' id='word_1_124' title='bbox 899 1599 971 1669; x_wconf 77' lang='grc' dir='ltr'><strong><em>εἶτα</em></strong></span> <span class='ocrx_word' id='word_1_125' title='bbox 989 1595 1021 1668; x_wconf 85' lang='grc' dir='ltr'><strong><em>δ’</em></strong></span> <span class='ocrx_word' id='word_1_126' title='bbox 1039 1606 1157 1670; x_wconf 76' lang='grc' dir='ltr'><strong><em>οἰκεῖοι</em></strong></span> <span class='ocrx_word' id='word_1_127' title='bbox 1226 1633 1227 1646; x_wconf 51' lang='lat'>¹</span> 
     </span>
     <span class='ocr_line' id='line_1_16' title="bbox 199 1694 1228 1792; baseline 0 -23"><span class='ocrx_word' id='word_1_128' title='bbox 199 1696 292 1781; x_wconf 80' lang='grc' dir='ltr'><strong><em>ὄντες</em></strong></span> <span class='ocrx_word' id='word_1_129' title='bbox 318 1694 398 1789; x_wconf 76' lang='grc' dir='ltr'><strong><em>ἡμῖν</em></strong></span> <span class='ocrx_word' id='word_1_130' title='bbox 423 1703 479 1770; x_wconf 82' lang='grc' dir='ltr'><strong><em>καὶ</em></strong></span> <span class='ocrx_word' id='word_1_131' title='bbox 497 1699 619 1783; x_wconf 76' lang='grc' dir='ltr'><strong><em>εἰδότες</em></strong></span> <span class='ocrx_word' id='word_1_132' title='bbox 644 1696 729 1792; x_wconf 81' lang='grc' dir='ltr'><strong><em>ήμῦς</em></strong></span> <span class='ocrx_word' id='word_1_133' title='bbox 746 1698 893 1782; x_wconf 78' lang='grc' dir='ltr'><strong><em>ἅπαντας</em></strong></span> <span class='ocrx_word' id='word_1_134' title='bbox 908 1697 1156 1790; x_wconf 84' lang='grc' dir='ltr'><strong><em>μεμαρτυρήκα-</em></strong></span> <span class='ocrx_word' id='word_1_135' title='bbox 1227 1722 1228 1734; x_wconf 71' lang='grc'>’</span> 
     </span>
     <span class='ocr_line' id='line_1_17' title="bbox 200 1797 1156 1895; baseline 0.002 -27"><span class='ocrx_word' id='word_1_136' title='bbox 200 1820 255 1870; x_wconf 91' lang='grc' dir='ltr'><strong><em>σιν</em></strong></span> <span class='ocrx_word' id='word_1_137' title='bbox 271 1797 451 1895; x_wconf 75' lang='grc' dir='ltr'><strong><em>Εὐφιλήτῳ</em></strong></span> <span class='ocrx_word' id='word_1_138' title='bbox 468 1803 588 1895; x_wconf 79' lang='grc' dir='ltr'><strong><em>τουτῳὶ</em></strong></span> <span class='ocrx_word' id='word_1_139' title='bbox 604 1799 666 1891; x_wconf 87' lang='grc' dir='ltr'><strong><em>τήν</em></strong></span> <span class='ocrx_word' id='word_1_140' title='bbox 683 1797 994 1890; x_wconf 77' lang='grc' dir='ltr'><strong><em>αύτοῦσυγφένειαν</em></strong></span> <span class='ocrx_word' id='word_1_141' title='bbox 1012 1803 1156 1880; x_wconf 78' lang='grc' dir='ltr'><strong><em>ἕκαστος.</em></strong></span> 
     </span>
    </p>

    <p class='ocr_par' dir='ltr' id='par_1_6' title="bbox 166 1897 1161 2497">
     <span class='ocr_line' id='line_1_18' title="bbox 166 1897 1159 1992; baseline -0.001 -21"><span class='ocrx_word' id='word_1_142' title='bbox 166 1921 183 1970; x_wconf 83' lang='lat'><strong>7</strong></span> <span class='ocrx_word' id='word_1_143' title='bbox 202 1897 286 1972; x_wconf 80' lang='grc' dir='ltr'><strong><em>ῦστε</em></strong></span> <span class='ocrx_word' id='word_1_144' title='bbox 303 1897 409 1989; x_wconf 81' lang='grc' dir='ltr'><strong><em>ήδίως</em></strong></span> <span class='ocrx_word' id='word_1_145' title='bbox 427 1897 490 1973; x_wconf 78' lang='grc' dir='ltr'><strong><em>κῦν</em></strong></span> <span class='ocrx_word' id='word_1_146' title='bbox 506 1905 573 1973; x_wconf 82' lang='grc' dir='ltr'><strong><em>τῦν</em></strong></span> <span class='ocrx_word' id='word_1_147' title='bbox 590 1898 850 1974; x_wconf 68' lang='grc' dir='ltr'><strong><em>ἀντιδικούντων</em></strong></span> <span class='ocrx_word' id='word_1_148' title='bbox 868 1897 948 1992; x_wconf 75' lang='grc' dir='ltr'><strong><em>ἡμῖν</em></strong></span> <span class='ocrx_word' id='word_1_149' title='bbox 964 1905 1026 1974; x_wconf 89' lang='grc' dir='ltr'><strong><em>τοῦ</em></strong></span> <span class='ocrx_word' id='word_1_150' title='bbox 1041 1918 1159 1992; x_wconf 84' lang='grc' dir='ltr'><strong><em>σεμνο-</em></strong></span> 
     </span>
     <span class='ocr_line' id='line_1_19' title="bbox 200 1997 1160 2092; baseline -0.002 -20"><span class='ocrx_word' id='word_1_151' title='bbox 200 2000 300 2072; x_wconf 83' lang='grc' dir='ltr'><strong><em>τύτον</em></strong></span> <span class='ocrx_word' id='word_1_152' title='bbox 317 2010 503 2092; x_wconf 82' lang='grc' dir='ltr'><strong><em>πυθοίμην,</em></strong></span> <span class='ocrx_word' id='word_1_153' title='bbox 523 2010 555 2074; x_wconf 86' lang='grc' dir='ltr'><strong><em>εί</em></strong></span> <span class='ocrx_word' id='word_1_154' title='bbox 570 1999 714 2075; x_wconf 78' lang='grc' dir='ltr'><strong><em>ύλίοδέν</em></strong></span> <span class='ocrx_word' id='word_1_155' title='bbox 730 2016 837 2074; x_wconf 74' lang='grc' dir='ltr'><strong><em>ποθεν</em></strong></span> <span class='ocrx_word' id='word_1_156' title='bbox 848 2009 922 2092; x_wconf 73' lang='grc' dir='ltr'><strong><em>έχοι</em></strong></span> <span class='ocrx_word' id='word_1_157' title='bbox 939 1997 981 2073; x_wconf 79' lang='grc' dir='ltr'><strong><em>ἂν</em></strong></span> <span class='ocrx_word' id='word_1_158' title='bbox 1000 2006 1160 2085; x_wconf 76' lang='grc' dir='ltr'><strong><em>ἐπιδεῖξαι</em></strong></span> 
     </span>
     <span class='ocr_line' id='line_1_20' title="bbox 201 2094 1159 2194; baseline 0 -22"><span class='ocrx_word' id='word_1_159' title='bbox 201 2097 303 2173; x_wconf 85' lang='grc' dir='ltr'><strong><em>αύτδν</em></strong></span> <span class='ocrx_word' id='word_1_160' title='bbox 317 2099 496 2192; x_wconf 75' lang='grc' dir='ltr'><strong><em>Ἀθηναῖον</em></strong></span> <span class='ocrx_word' id='word_1_161' title='bbox 512 2099 533 2192; x_wconf 88' lang='lat'><strong><em>6</em></strong></span> <span class='ocrx_word' id='word_1_162' title='bbox 552 2108 588 2175; x_wconf 74' lang='grc' dir='ltr'><strong><em>ἐκ</em></strong></span> <span class='ocrx_word' id='word_1_163' title='bbox 604 2102 733 2176; x_wconf 90' lang='grc' dir='ltr'><strong><em>τούτων</em></strong></span> <span class='ocrx_word' id='word_1_164' title='bbox 759 2094 807 2175; x_wconf 80' lang='grc' dir='ltr'><strong><em>ῦν</em></strong></span> <span class='ocrx_word' id='word_1_165' title='bbox 824 2106 879 2174; x_wconf 84' lang='grc' dir='ltr'><strong><em>καὶ</em></strong></span> <span class='ocrx_word' id='word_1_166' title='bbox 897 2099 990 2194; x_wconf 77' lang='grc' dir='ltr'><strong><em>ἡμεῖς</em></strong></span> <span class='ocrx_word' id='word_1_167' title='bbox 1007 2099 1159 2191; x_wconf 81' lang='grc' dir='ltr'><strong><em>Εύφίλη-</em></strong></span> 
     </span>
     <span class='ocr_line' id='line_1_21' title="bbox 200 2201 1160 2295; baseline -0.001 -23"><span class='ocrx_word' id='word_1_168' title='bbox 200 2231 258 2274; x_wconf 85' lang='grc' dir='ltr'><strong><em>τον</em></strong></span> <span class='ocrx_word' id='word_1_169' title='bbox 286 2206 525 2294; x_wconf 76' lang='grc' dir='ltr'><strong><em>ἐπιδείκνυμεν.</em></strong></span> <span class='ocrx_word' id='word_1_170' title='bbox 571 2202 634 2294; x_wconf 70' lang='grc' dir='ltr'><strong><em>ἐγώ</em></strong></span> <span class='ocrx_word' id='word_1_171' title='bbox 660 2206 721 2295; x_wconf 69' lang='grc' dir='ltr'><strong><em>μὲν</em></strong></span> <span class='ocrx_word' id='word_1_172' title='bbox 746 2203 809 2295; x_wconf 78' lang='grc' dir='ltr'><strong><em>γὰρ</em></strong></span> <span class='ocrx_word' id='word_1_173' title='bbox 835 2201 898 2276; x_wconf 89' lang='grc' dir='ltr'><strong><em>ούκ</em></strong></span> <span class='ocrx_word' id='word_1_174' title='bbox 922 2203 1012 2293; x_wconf 76' lang='grc' dir='ltr'><strong><em>οἶμαι</em></strong></span> <span class='ocrx_word' id='word_1_175' title='bbox 1029 2201 1112 2275; x_wconf 78' lang='grc' dir='ltr'><strong><em>ἄλλο</em></strong></span> <span class='ocrx_word' id='word_1_176' title='bbox 1129 2232 1160 2272; x_wconf 92' lang='grc' dir='ltr'><strong><em>τι</em></strong></span> 
     </span>
     <span class='ocr_line' id='line_1_22' title="bbox 200 2298 1159 2424; baseline -0.001 -50"><span class='ocrx_word' id='word_1_177' title='bbox 200 2298 244 2374; x_wconf 77' lang='lat'><strong><em>66</em></strong></span> <span class='ocrx_word' id='word_1_178' title='bbox 260 2301 362 2375; x_wconf 86' lang='grc' dir='ltr'><strong><em>αύτδν</em></strong></span> <span class='ocrx_word' id='word_1_179' title='bbox 387 2299 408 2392; x_wconf 94' lang='lat'><strong><em>6</em></strong></span> <span class='ocrx_word' id='word_1_180' title='bbox 432 2302 482 2375; x_wconf 82' lang='grc' dir='ltr'><strong><em>ὅτι</em></strong></span> <span class='ocrx_word' id='word_1_181' title='bbox 507 2300 528 2394; x_wconf 90' lang='lat'><strong><em>6</em></strong></span> <span class='ocrx_word' id='word_1_182' title='bbox 553 2303 660 2397; x_wconf 89' lang='grc' dir='ltr'><strong><em>μήτηρ</em></strong></span> <span class='ocrx_word' id='word_1_183' title='bbox 685 2303 768 2395; x_wconf 79' lang='grc' dir='ltr'><strong><em>ἀστή</em></strong></span> <span class='ocrx_word' id='word_1_184' title='bbox 793 2309 830 2376; x_wconf 86' lang='grc' dir='ltr'><strong><em>τέ</em></strong></span> <span class='ocrx_word' id='word_1_185' title='bbox 846 2307 985 2376; x_wconf 77' lang='grc' dir='ltr'><strong><em>ἐστικαὶ</em></strong></span> <span class='ocrx_word' id='word_1_186' title='bbox 1002 2299 1020 2374; x_wconf 89' lang='lat'><strong><em>6</em></strong></span> <span class='ocrx_word' id='word_1_187' title='bbox 1038 2301 1159 2424; x_wconf 89' lang='grc' dir='ltr'><strong><em>πατήρ,</em></strong></span> 
     </span>
     <span class='ocr_line' id='line_1_23' title="bbox 200 2400 1161 2498; baseline -0.001 -23"><span class='ocrx_word' id='word_1_188' title='bbox 200 2400 307 2475; x_wconf 81' lang='grc' dir='ltr'><strong><em>καὶ</em></strong></span> <span class='ocrx_word' id='word_1_189' title='bbox 282 2434 327 2486; x_wconf 86' lang='grc' dir='ltr'><strong><em>ως</em></strong></span> <span class='ocrx_word' id='word_1_190' title='bbox 352 2409 433 2476; x_wconf 93' lang='grc' dir='ltr'><strong><em>ταῦτ</em></strong></span> <span class='ocrx_word' id='word_1_191' title='bbox 436 2401 576 2494; x_wconf 78' lang='grc' dir='ltr'><strong><em>’ύίηθή</em></strong></span> <span class='ocrx_word' id='word_1_192' title='bbox 591 2408 696 2496; x_wconf 77' lang='grc' dir='ltr'><strong><em>λέγει,</em></strong></span> <span class='ocrx_word' id='word_1_193' title='bbox 724 2402 889 2497; x_wconf 81' lang='grc' dir='ltr'><strong><em>παρέχοιτ’</em></strong></span> <span class='ocrx_word' id='word_1_194' title='bbox 913 2400 955 2476; x_wconf 74' lang='grc' dir='ltr'><strong><em>ἂν</em></strong></span> <span class='ocrx_word' id='word_1_195' title='bbox 972 2400 1066 2498; x_wconf 75' lang='grc' dir='ltr'><strong><em>αύτῷ</em></strong></span> <span class='ocrx_word' id='word_1_196' title='bbox 1081 2402 1161 2484; x_wconf 89' lang='grc' dir='ltr'><strong><em>τούς</em></strong></span> 
     </span>
    </p>

    <p class='ocr_par' dir='ltr' id='par_1_7' title="bbox 165 2498 1163 3303">
     <span class='ocr_line' id='line_1_24' title="bbox 165 2498 1161 2600; baseline -0.001 -25"><span class='ocrx_word' id='word_1_197' title='bbox 165 2518 374 2595; x_wconf 74' lang='grc' dir='ltr'><strong><em>8συγγενεῑς</em></strong></span> <span class='ocrx_word' id='word_1_198' title='bbox 399 2504 575 2599; x_wconf 78' lang='grc' dir='ltr'><strong><em>μάρτυρας.</em></strong></span> <span class='ocrx_word' id='word_1_199' title='bbox 621 2498 762 2596; x_wconf 75' lang='grc' dir='ltr'><strong><em>εἶτα,</em></strong></span> <span class='ocrx_word' id='word_1_200' title='bbox 735 2537 760 2578; x_wconf 88' lang='grc' dir='ltr'><strong><em>ω</em></strong></span> <span class='ocrx_word' id='word_1_201' title='bbox 787 2505 907 2600; x_wconf 76' lang='grc' dir='ltr'><strong><em>ἄνδρες</em></strong></span> <span class='ocrx_word' id='word_1_202' title='bbox 934 2512 1102 2594; x_wconf 89' lang='grc' dir='ltr'><strong><em>δικασταί,</em></strong></span> <span class='ocrx_word' id='word_1_203' title='bbox 1132 2511 1161 2574; x_wconf 88' lang='grc' dir='ltr'><strong><em>εί</em></strong></span> 
     </span>
     <span class='ocr_line' id='line_1_25' title="bbox 199 2557 1162 2698; baseline -0.001 -22"><span class='ocrx_word' id='word_1_204' title='bbox 199 2597 320 2695; x_wconf 72' lang='grc' dir='ltr'><strong><em>μὲν</em></strong></span> <span class='ocrx_word' id='word_1_205' title='bbox 278 2635 369 2678; x_wconf 86' lang='grc' dir='ltr'><strong><em>ουτοι</em></strong></span> <span class='ocrx_word' id='word_1_206' title='bbox 381 2605 608 2697; x_wconf 78' lang='grc' dir='ltr'><strong><em>ἐκινδύνευον,</em></strong></span> <span class='ocrx_word' id='word_1_207' title='bbox 626 2603 772 2698; x_wconf 74' lang='grc' dir='ltr'><strong><em>ήξίουν”</em></strong></span> <span class='ocrx_word' id='word_1_208' title='bbox 752 2637 795 2680; x_wconf 96' lang='grc' dir='ltr'><strong><em>αν</em></strong></span> <span class='ocrx_word' id='word_1_209' title='bbox 811 2624 880 2690; x_wconf 75' lang='grc' dir='ltr'><strong><em>τοῖς</em></strong></span> <span class='ocrx_word' id='word_1_210' title='bbox 897 2603 1008 2678; x_wconf 80' lang='grc' dir='ltr'><strong><em>αῦτῦν</em></strong></span> <span class='ocrx_word' id='word_1_211' title='bbox 1024 2557 1162 2686; x_wconf 77' lang='grc' dir='ltr'><strong><em>οίαέίοις</em></strong></span> 
     </span>
     <span class='ocr_line' id='line_1_26' title="bbox 199 2702 1161 2831; baseline 0.002 -56"><span class='ocrx_word' id='word_1_212' title='bbox 199 2702 285 2796; x_wconf 85' lang='grc' dir='ltr'><strong><em>ῦμοῖς</em></strong></span> <span class='ocrx_word' id='word_1_213' title='bbox 308 2705 478 2780; x_wconf 81' lang='grc' dir='ltr'><strong><em>πιστεύειν</em></strong></span> <span class='ocrx_word' id='word_1_214' title='bbox 503 2712 706 2831; x_wconf 79' lang='grc' dir='ltr'><strong><em>μαρτυροῦσι</em></strong></span> <span class='ocrx_word' id='word_1_215' title='bbox 730 2713 856 2799; x_wconf 76' lang='grc' dir='ltr'><strong><em>μαλλον</em></strong></span> <span class='ocrx_word' id='word_1_216' title='bbox 881 2702 902 2797; x_wconf 88' lang='lat'><strong><em>6</em></strong></span> <span class='ocrx_word' id='word_1_217' title='bbox 927 2722 995 2789; x_wconf 77' lang='grc' dir='ltr'><strong><em>τοῖς</em></strong></span> <span class='ocrx_word' id='word_1_218' title='bbox 1021 2705 1161 2796; x_wconf 73' lang='grc' dir='ltr'><strong><em>κατημύ-</em></strong></span> 
     </span>
     <span class='ocr_line' id='line_1_27' title="bbox 201 2804 1161 2903; baseline 0.002 -27"><span class='ocrx_word' id='word_1_219' title='bbox 201 2827 285 2898; x_wconf 93' lang='grc' dir='ltr'><strong><em>ροις</em></strong></span> <span class='ocrx_word' id='word_1_220' title='bbox 304 2837 383 2879; x_wconf 88' lang='grc' dir='ltr'><strong><em>νυνι</em></strong></span> <span class='ocrx_word' id='word_1_221' title='bbox 371 2805 475 2879; x_wconf 71' lang='grc' dir='ltr'><strong><em>δὲ</em></strong></span> <span class='ocrx_word' id='word_1_222' title='bbox 456 2813 551 2899; x_wconf 81' lang='grc' dir='ltr'><strong><em>ημῦν</em></strong></span> <span class='ocrx_word' id='word_1_223' title='bbox 569 2809 676 2880; x_wconf 79' lang='grc' dir='ltr'><strong><em>πάντα</em></strong></span> <span class='ocrx_word' id='word_1_224' title='bbox 691 2813 795 2881; x_wconf 91' lang='grc' dir='ltr'><strong><em>ταῦτα</em></strong></span> <span class='ocrx_word' id='word_1_225' title='bbox 812 2812 1046 2903; x_wconf 78' lang='grc' dir='ltr'><strong><em>παρεχομένων</em></strong></span> <span class='ocrx_word' id='word_1_226' title='bbox 1063 2804 1161 2891; x_wconf 61' lang='lat'>666-</span> 
     </span>
     <span class='ocr_line' id='line_1_28' title="bbox 200 2903 1161 2999; baseline 0.003 -22"><span class='ocrx_word' id='word_1_227' title='bbox 200 2929 318 2979; x_wconf 91' lang='grc' dir='ltr'><strong><em>σουσιν</em></strong></span> <span class='ocrx_word' id='word_1_228' title='bbox 343 2904 428 2999; x_wconf 84' lang='grc' dir='ltr'><strong><em>ύμῦς</em></strong></span> <span class='ocrx_word' id='word_1_229' title='bbox 453 2927 522 2992; x_wconf 81' lang='grc' dir='ltr'><strong><em>τοῖς</em></strong></span> <span class='ocrx_word' id='word_1_230' title='bbox 539 2905 650 2982; x_wconf 82' lang='grc' dir='ltr'><strong><em>αῦτῦν</em></strong></span> <span class='ocrx_word' id='word_1_231' title='bbox 673 2919 854 2982; x_wconf 76' lang='grc' dir='ltr'><strong><em>πείθεσθαι</em></strong></span> <span class='ocrx_word' id='word_1_232' title='bbox 870 2908 979 2999; x_wconf 77' lang='grc' dir='ltr'><strong><em>λόγοις</em></strong></span> <span class='ocrx_word' id='word_1_233' title='bbox 993 2911 1124 2999; x_wconf 76' lang='grc' dir='ltr'><strong><em>μᾶλλον</em></strong></span> <span class='ocrx_word' id='word_1_234' title='bbox 1140 2903 1161 2994; x_wconf 88' lang='lat'><strong><em>6</em></strong></span> 
     </span>
     <span class='ocr_line' id='line_1_29' title="bbox 200 3006 1161 3104; baseline -0.001 -26"><span class='ocrx_word' id='word_1_235' title='bbox 200 3038 246 3102; x_wconf 84' lang='grc' dir='ltr'><strong><em>τφ</em></strong></span> <span class='ocrx_word' id='word_1_236' title='bbox 234 3012 410 3104; x_wconf 80' lang='grc' dir='ltr'><strong><em>πατρί</em></strong></span> <span class='ocrx_word' id='word_1_237' title='bbox 378 3039 424 3081; x_wconf 87' lang='grc' dir='ltr'><strong><em>τω</em></strong></span> <span class='ocrx_word' id='word_1_238' title='bbox 412 3008 639 3100; x_wconf 81' lang='grc' dir='ltr'><strong><em>Εύφιλήτον</em></strong></span> <span class='ocrx_word' id='word_1_239' title='bbox 654 3015 709 3082; x_wconf 80' lang='grc' dir='ltr'><strong><em>καὶ</em></strong></span> <span class='ocrx_word' id='word_1_240' title='bbox 727 3014 797 3101; x_wconf 80' lang='grc' dir='ltr'><strong><em>ἐμοὶ</em></strong></span> <span class='ocrx_word' id='word_1_241' title='bbox 815 3014 869 3082; x_wconf 83' lang='grc' dir='ltr'><strong><em>καὶ</em></strong></span> <span class='ocrx_word' id='word_1_242' title='bbox 886 3039 932 3104; x_wconf 78' lang='grc' dir='ltr'><strong><em>τςο</em></strong></span> <span class='ocrx_word' id='word_1_243' title='bbox 921 3006 1087 3101; x_wconf 75' lang='grc' dir='ltr'><strong><em>ἀδελφῷ</em></strong></span> <span class='ocrx_word' id='word_1_244' title='bbox 1105 3011 1161 3078; x_wconf 87' lang='grc' dir='ltr'><strong><em>καὶ</em></strong></span> 
     </span>
     <span class='ocr_line' id='line_1_30' title="bbox 200 3080 1163 3234; baseline -0.003 -54"><span class='ocrx_word' id='word_1_245' title='bbox 200 3127 269 3191; x_wconf 79' lang='grc' dir='ltr'><strong><em>τοῖς</em></strong></span> <span class='ocrx_word' id='word_1_246' title='bbox 286 3109 447 3234; x_wconf 77' lang='grc' dir='ltr'><strong><em>φράτορσι</em></strong></span> <span class='ocrx_word' id='word_1_247' title='bbox 472 3114 527 3182; x_wconf 81' lang='grc' dir='ltr'><strong><em>καί</em></strong></span> <span class='ocrx_word' id='word_1_248' title='bbox 554 3109 642 3201; x_wconf 84' lang='grc' dir='ltr'><strong><em>πύση</em></strong></span> <span class='ocrx_word' id='word_1_249' title='bbox 668 3115 710 3202; x_wconf 80' lang='grc' dir='ltr'><strong><em>τῇ</em></strong></span> <span class='ocrx_word' id='word_1_250' title='bbox 725 3108 866 3204; x_wconf 78' lang='grc' dir='ltr'><strong><em>ἡμετέρᾳ</em></strong></span> <span class='ocrx_word' id='word_1_251' title='bbox 883 3080 1077 3200; x_wconf 73' lang='grc' dir='ltr'><strong><em>σῦννενείᾳς</em></strong></span> <span class='ocrx_word' id='word_1_252' title='bbox 1106 3112 1163 3178; x_wconf 83' lang='grc' dir='ltr'><strong><em>καὶ</em></strong></span> 
     </span>
     <span class='ocr_line' id='line_1_31' title="bbox 199 3202 1164 3303; baseline -0.003 -22"><span class='ocrx_word' id='word_1_253' title='bbox 199 3207 267 3300; x_wconf 89' lang='grc' dir='ltr'><strong><em>μήν</em></strong></span> <span class='ocrx_word' id='word_1_254' title='bbox 292 3202 385 3283; x_wconf 87' lang='grc' dir='ltr'><strong><em>οῦτοι</em></strong></span> <span class='ocrx_word' id='word_1_255' title='bbox 409 3213 471 3303; x_wconf 69' lang='grc' dir='ltr'><strong><em>μὲν</em></strong></span> <span class='ocrx_word' id='word_1_256' title='bbox 496 3208 608 3282; x_wconf 84' lang='lat'>066’6</span> <span class='ocrx_word' id='word_1_257' title='bbox 608 3242 628 3282; x_wconf 92' lang='grc' dir='ltr'><strong><em>ν</em></strong></span> <span class='ocrx_word' id='word_1_258' title='bbox 647 3214 699 3283; x_wconf 81' lang='grc' dir='ltr'><strong><em>ἑνὶ</em></strong></span> <span class='ocrx_word' id='word_1_259' title='bbox 724 3210 976 3294; x_wconf 85' lang='grc' dir='ltr'><strong><em>κινδυνεύοντες</em></strong></span> <span class='ocrx_word' id='word_1_260' title='bbox 1001 3216 1090 3291; x_wconf 81' lang='grc' dir='ltr'><strong><em>ἰδίας</em></strong></span> <span class='ocrx_word' id='word_1_261' title='bbox 1111 3217 1164 3297; x_wconf 77' lang='grc' dir='ltr'><strong><em>ἕη</em></strong></span> 
     </span>
    </p>

    <p class='ocr_par' dir='ltr' id='par_1_8' title="bbox 128 3306 1166 3508">
     <span class='ocr_line' id='line_1_32' title="bbox 128 3306 1165 3437; baseline -0.002 -55"><span class='ocrx_word' id='word_1_262' title='bbox 128 3360 131 3365; x_wconf 97' lang='grc'>-</span> <span class='ocrx_word' id='word_1_263' title='bbox 198 3315 332 3403; x_wconf 80' lang='grc' dir='ltr'><strong><em>θρας”</em></strong></span> <span class='ocrx_word' id='word_1_264' title='bbox 312 3341 408 3382; x_wconf 85' lang='grc' dir='ltr'><strong><em>ενεκα</em></strong></span> <span class='ocrx_word' id='word_1_265' title='bbox 409 3317 607 3437; x_wconf 84' lang='grc' dir='ltr'><strong><em>ποιοῦσιν,</em></strong></span> <span class='ocrx_word' id='word_1_266' title='bbox 633 3308 728 3405; x_wconf 76' lang='grc' dir='ltr'><strong><em>ἡμεῖς</em></strong></span> <span class='ocrx_word' id='word_1_267' title='bbox 760 3314 797 3384; x_wconf 73' lang='grc' dir='ltr'><strong><em>δὲ</em></strong></span> <span class='ocrx_word' id='word_1_268' title='bbox 828 3311 952 3396; x_wconf 76' lang='grc' dir='ltr'><strong><em>πάντας</em></strong></span> <span class='ocrx_word' id='word_1_269' title='bbox 976 3306 1165 3390; x_wconf 88' lang='grc' dir='ltr'><strong><em>ύποδίκους</em></strong></span> 
     </span>
     <span class='ocr_line' id='line_1_33' title="bbox 164 3406 1166 3508; baseline -0.006 -22"><span class='ocrx_word' id='word_1_270' title='bbox 164 3406 284 3502; x_wconf 80' lang='grc' dir='ltr'><strong><em>9ήμῦς</em></strong></span> <span class='ocrx_word' id='word_1_271' title='bbox 316 3407 438 3495; x_wconf 86' lang='grc' dir='ltr'><strong><em>αύτούς</em></strong></span> <span class='ocrx_word' id='word_1_272' title='bbox 464 3412 681 3496; x_wconf 73' lang='grc' dir='ltr'><strong><em>καθιστάντες</em></strong></span> <span class='ocrx_word' id='word_1_273' title='bbox 712 3417 952 3508; x_wconf 87' lang='grc' dir='ltr'><strong><em>μαρτυροῦμεν.</em></strong></span> <span class='ocrx_word' id='word_1_274' title='bbox 996 3413 1052 3483; x_wconf 81' lang='grc' dir='ltr'><strong><em>καὶ</em></strong></span> <span class='ocrx_word' id='word_1_275' title='bbox 1078 3407 1166 3502; x_wconf 80' lang='grc' dir='ltr'><strong><em>πρὸς</em></strong></span> 
     </span>
    </p>
   </div>
   <div class='ocr_carea' id='block_1_6' title="bbox 0 0 1260 3914">
    <p class='ocr_par' dir='ltr' id='par_1_9' title="bbox 0 0 1260 3914">
     <span class='ocr_line' id='line_1_34' title="bbox 0 0 1260 3914; baseline 0 0"><span class='ocrx_word' id='word_1_276' title='bbox 0 0 1260 3914; x_wconf 95' lang='lat' dir='ltr'><strong><em> </em></strong></span> 
     </span>
    </p>
   </div>
  </div>
 </body>
</html>
