2490 3914
93 177 120 229 p.
138 157 180 211 ιο.
237 159 328 210 ΠΕΡΙ
344 157 420 210 του
437 156 721 210 Αποιιοοοοοτ
738 158 903 210 τουτον.
1005 163 1049 228 97

466 393 673 445 ΜΑΡΤΤΡΕΣ.

167 529 237 604 Ἐπὶ
260 533 321 622 μὲν
344 529 510 603 τοσούτων
532 531 725 624 μαρτύρων,
751 561 777 601 ω
765 521 931 625 ἄνδρες,
954 535 1047 622 γένο-
1064 556 1120 621 29,

97 660 153 704 νεν
161 629 199 760 ή
225 641 371 721 ποίησις,
391 639 511 723 ἔχθρας
528 633 589 722 μὲν
606 635 745 713 παλαιοῖς
768 629 859 726 αύτῷ
874 631 955 725 πρός
971 632 1046 704 τού-

94 761 170 814 τους
192 731 308 822 οὔσης,
333 739 445 821 φιλίας
471 733 508 802 δὲ
532 729 623 855 πρός
630 728 713 821 ήμας
737 735 792 802 καὶ
817 703 987 823 εὐμενείας
1005 730 1045 803 ού

94 837 211 956 μικρᾶς
226 828 446 952 ὑπαρχούσης.
471 827 565 912 τόςδ’
584 827 710 902 ούδ’ί
679 839 710 902 εί
724 835 904 925 μηδέτερον
920 833 1047 904 τούτων

94 930 237 1055 ύπήρχε,
257 932 343 1055 μήτε
365 939 469 1022 ἔχθρα
491 928 571 1022 πρός
593 930 730 1014 τούτους
751 931 832 1022 μήτε
854 941 950 1023 φιλία
966 932 1047 1024 πρὸς

93 1030 195 1122 ἡμᾶς,
227 1030 290 1103 ούιι
315 1031 357 1104 ἄν
382 1059 461 1102 ποτε
482 1028 725 1123 Ἀπολλόδωρος
759 1036 813 1102 ἐπὶ
838 1032 965 1114 τούτοις
989 1033 1048 1104 τόν

94 1137 217 1230 κλήρου
233 1136 351 1204 τούτου
368 1135 557 1222 κατέλιπεν,
583 1133 674 1222 οἶμαι
697 1135 753 1204 καλ
770 1131 874 1204 ταῦθ’
895 1129 1034 1223 δμῖνα
991 1139 1048 1226 ῥα-

95 1239 175 1314 δίως
195 1235 376 1317 ἐπιδείξειν.
418 1231 537 1314 πάντες
554 1231 619 1351 γὰρ
641 1239 675 1303 ολ
689 1234 898 1323 τελευτήσειν
914 1238 1048 1324 με’λλον-
1065 1266 1101 1318 30

93 1361 148 1414 τες
165 1331 325 1424 πρόνοιαν
347 1337 520 1404 ποιοῦνται
542 1355 638 1422 σφων
657 1331 783 1423 αύτων,
807 1331 895 1415 ὅπως
920 1362 1033 1424 μηε
953 1333 1047 1418 ἐξε-

94 1433 285 1526 ρήμύοουοι
301 1432 377 1515 τούς
394 1437 574 1523 σφετέρους
592 1431 703 1504 αύτων
725 1445 847 1522 οἴκους,
864 1431 938 1504 ἀλλ’
959 1443 1048 1504 ἔσται

93 1563 144 1614 τις
170 1537 225 1604 καὶ
251 1530 269 1603 δ
297 1538 438 1622 ίνανιαῖν
463 1536 518 1603 καὶ
544 1533 652 1604 πάντα
668 1532 709 1604 τό
724 1533 918 1624 νομιζόμενα
936 1531 1048 1616 αύτοίς

95 1633 257 1721 ποιήσων·
286 1632 336 1704 διό
362 1629 425 1704 κᾶν
450 1630 587 1714 όὶπαιδες
613 1634 867 1724 τελευτήσωσιν,
894 1631 967 1705 ἄλλ’
986 1626 1049 1705 ούν

94 1732 172 1805 υίδν
197 1732 408 1857 ποιησάμενοι
433 1742 674 1808 καταλείπουσι.
719 1738 775 1805 παλ
801 1731 841 1804 ού
858 1733 961 1825 μόνον
978 1741 1049 1805 ίδία

94 1838 201 1904 ταῦτα
217 1834 469 1924 νιγνιόσιιουσιν,
488 1830 571 1905 ιἰλλὸι
582 1839 637 1905 καὶ
651 1842 782 1959 δήμοσί
770 1865 791 1905 α
807 1833 844 1904 τό
862 1833 975 1905 κοινόν
992 1837 1049 1922 τής

94 1931 222 2014 πόλεως
245 1931 331 2004 οὕτω
353 1932 449 2004 ταῦτ’
478 1942 616 2024 ἔγνωκε·
643 1935 733 2029 νόμω
759 1933 823 2025 γὰρ
845 1963 891 2005 τω
917 1933 1050 2025 ἄρχοντι

93 2062 164 2104 των
196 2032 361 2124 οίτιων,”
342 2061 431 2116 οπως
456 2031 499 2105 ἂν
523 2033 567 2126 μή
595 2039 827 2157 ίξερήμωνται,
853 2027 1050 2127 προστάττει

93 2131 157 2222 τήν
177 2136 368 2224 ἐπιμέλειαν.
405 2139 521 2228 ἐκείνω
541 2136 578 2205 δὲ
595 2135 762 2226 πρόδηλον
779 2126 822 2223 ήν
839 2132 889 2205 ὅτι
908 2142 938 2205 εί
953 2164 1049 2205 κατα·
1067 2157 1098 2210 31

94 2243 202 2318 λείψει
228 2231 286 2304 τόν
309 2238 432 2326 ἰιλήρον
459 2206 511 2306 ἐπλ
536 2235 679 2324 τούτοις,
708 2243 828 2326 ἔρημον
846 2234 974 2323 ποιήσει
990 2234 1050 2316 τόν

94 2335 201 2424 οίιιον,
220 2362 402 2427 προορωντι
412 2334 533 2416 ταύτας
550 2335 607 2417 τὰς
625 2333 770 2425 ἀδελφὰς
787 2334 852 2406 τόν
861 2366 885 2426 μ
886 2337 923 2406 δν
937 2333 1050 2407 Ἀπολ-

93 2433 316 2527 λοδιόρουτού
331 2433 481 2526 ἄδελφού
496 2439 618 2526 κλῆρον
636 2435 785 2526 ἑχούσοις,
804 2441 918 2529 ἐκείνῳ
937 2433 969 2505 δ’
989 2433 1051 2506 ούιι

95 2535 305 2617 είσποιούσας
322 2534 428 2608 ὄντων
447 2533 562 2617 αύταῑς
579 2544 726 2627 παίδων,
750 2539 806 2607 καὶ
822 2533 899 2617 τούς
916 2537 977 2626 μὲν
993 2535 1049 2606 όὲν-
1158 2559 1163 2576 ’

96 2643 179 2726 δρας
206 2633 315 2706 αύτιόν
339 2635 401 2725 τήν
425 2641 506 2727 μήν,
520 2632 575 2725 ’ήν
603 2641 725 2718 ἐκεῖνος
743 2639 911 2725 κατέλιπε,
938 2638 994 2706 καὶ
1011 2634 1051 2706 τὰ

93 2736 244 2826 κτήματα
269 2739 366 2807 πέντε
389 2737 560 2808 ταλάντων
585 2735 792 2828 πεπρακότας
818 2739 873 2806 καλ
897 2734 934 2806 τό
951 2733 1050 2828 οἱργύ-
1148 2826 1152 2834 Ι

93 2865 171 2925 ριον
189 2841 474 2927 διανειμαμένους,
492 2834 551 2908 τόν
570 2839 608 2907 δὲ
624 2837 717 2908 οἷκον
734 2841 874 2927 αίσχροῖς
891 2833 978 2907 ούτω
995 2840 1050 2907 καὶ

95 2940 215 3017 δειναῖς
235 2933 536 3028 ἐξηρημωμένον
525 2937 561 3019 ός
581 2935 622 3026 δή
638 2942 720 3008 ταύτ
724 2934 883 3027 ’ήδει
850 2966 908 3007 τον
924 2937 1051 3008 τούτων
1068 2967 1106 3017 32,

92 3033 245 3126 ἀδελφόν
262 3036 467 3158 πεπονθότα,
486 3065 554 3119 πως
572 3033 614 3108 ι’ὶν
631 3037 875 3128 προσεδόκησεν
893 3034 1001 3125 αύτός,
1021 3045 1052 3106 εί

56 3146 60 3154 ’
92 3139 220 3207 καλί
178 3145 274 3227 φίλος
299 3127 357 3226 ήν,
383 3156 495 3228 τυχειν
520 3167 587 3209 των
611 3133 868 3228 νομιζομένων
848 3133 908 3206 υπ’
927 3133 1049 3226 αύτων,

92 3234 231 3321 ἀνεψιός
255 3234 302 3307 τόν
325 3233 399 3307 ἀλλ’
424 3235 485 3308 ούιι
502 3236 645 3327 ἀδελφός
663 3235 794 3324 αύταῑς;
819 3233 881 3307 ούιι
898 3240 1035 3325 ἐνήνλ
1001 3241 1050 3306 ἐλ-

92 3365 118 3407 π
120 3347 190 3407 ίσαι
214 3336 394 3426 δήπουθεν.
434 3335 530 3408 'Ama
550 3335 616 3427 μήν
638 3335 688 3408 ότι
706 3336 831 3408 ἄπαιδα
849 3340 976 3410 ἐκεῖνον
993 3363 1050 3406 πε-

92 3437 293 3527 ριεωρύιιαστ
310 3439 366 3507 καὶ
382 3433 422 3506 τύ
440 3435 587 3526 χρήματα
611 3445 721 3526 ἔχουσι
745 3441 800 3508 καί
817 3437 909 3507 οίιιον
932 3441 967 3507 ἐκ
988 3437 1051 3507 τού

144 3553 257 3602 Ῑειιτε.
879 3559 898 3617 7
