2490 3914
87 188 114 238 p.
133 169 176 221 οι.
230 167 322 218 ΠΕΡΙ
339 165 415 218 τον
432 164 717 216 ΑΠολΛοΔεεΡου
733 165 896 218 τεκνον.
1003 157 1057 230 95'
1179 197 1183 210 ι

88 345 156 413 τάν
187 330 264 428 οἶσι,
288 333 351 408 κάν
379 340 468 427 γένει
496 333 652 425 ἀπωτέρω
681 333 887 425 τυγχάνωσιν
918 331 1043 416 ὅντες.”

88 441 192 531 ταύτῃ
210 441 271 530 μέν
288 429 352 510 ούν
369 434 450 508 ούδέ
466 440 586 528 μέρους
604 446 718 526 λαγείν
735 439 895 528 προσῆκε,
914 438 1044 528 Θρασυ-

88 540 201 635 βούλῳ
225 541 264 611 δέ
285 535 460 627 ἀπάντων,
486 546 517 608 εί
536 535 580 627 μη
604 541 724 628 κυρίαν
746 533 857 626 ἡγεῖτο
882 534 1045 626 εἶναιτὴν

88 640 172 732 έμὴν
196 649 390 729 εἰσποίησιν.
433 643 557 720 ἐκεῖνος
580 646 695 709 τοίνυν
717 635 794 709 ου”τε
818 641 850 721 έξ
869 633 970 730 ἀρχῆς
987 635 1045 728 ἠμ-
1063 659 1095 713 21

88 741 273 833 φισβητηκε
304 739 385 832 πρὸς
412 740 468 829 ἐμέ
494 734 595 810 οὐδέν
620 736 697 810 ούτε
721 741 786 809 νύν
814 746 911 827 δίκην
937 749 1045 829 εἴληχε

87 846 166 933 περὶ
183 840 311 930 αύτῶν,
335 838 418 910 ἀλλά
440 843 543 910 ταύτα
566 838 673 911 πάντα
693 842 801 919 καλῶς
820 846 906 929 ἔχειν
924 836 1045 930 ὡμολό-

87 964 205 1032 γηκεν·
223 948 258 1013 οί
274 939 306 1012 δ’
325 937 410 1030 ὑπὲρ
427 939 547 1028 ταύτης
554 938 694 1011 ’πάντων
705 937 925 1030 ἀμφισβητεῖν
937 948 1045 1011 τετολ-

86 1043 247 1133 μήκασιν·
278 1048 324 1124 είς
345 1044 442 1112 τούτο
463 1038 635 1122 ἀναιδείας
659 1039 847 1129 έληλύθασι.
887 1043 980 1128 Λαβδ
1004 1037 1046 1127 δὴ
1103 1099 1106 1106 .

88 1141 202 1225 αὐτοῖς
219 1140 297 1225 τούς
315 1141 453 1232 νόμους,
471 1139 551 1232 παρ’
571 1138 630 1223 ούς
647 1144 750 1212 ταῦτα
760 1139 972 1231 πεποιήκασι,
991 1143 1046 1210 καί

87 1242 274 1333 ἀνάγνωθι.

501 1387 638 1440 ΝΟΜΟΣ.

164 1509 329 1585 Ἐνταῦθα
345 1512 407 1600 μὲν
424 1506 544 1600 ὁμοίως
555 1512 611 1580 καί
627 1507 756 1600 ἀδελφὴ
774 1514 830 1581 καί
846 1508 1047 1600 ἀδελφιδοῦς
1064 1467 1109 1572 22¹

88 1612 252 1704 ίσόμοιροι
269 1609 353 1684 κατά
369 1608 429 1683 τὸν
445 1610 549 1699 νόμον
567 1619 638 1681 είσί.
674 1612 766 1699 Λαβέ
785 1609 826 1700 δη
844 1614 899 1681 καὶ
916 1615 1046 1700 τούτου,

85 1717 146 1784 καὶ
164 1710 394 1802 ἀναγίγνωσκε
411 1709 533 1792 αὐτοῖς.

502 1861 640 1925 ΝΟΜΟΣ.

164 1977 240 2050 Ἐἀν
256 1978 300 2069 μὴ
319 1971 401 2052 οἶσιν
418 1979 550 2068 ἀνεψιοὶ
560 1983 644 2071 μηδὲ
655 1977 802 2063 ἀνεψιῶν
814 1987 946 2068 παῖδες,
964 1981 1049 2070 μηδὲ

86 2081 152 2151 τού
177 2077 259 2170 πρὸς
286 2078 407 2173 πατρὸς
432 2085 550 2172 γένους
575 2073 599 2173 ᾗ
624 2078 801 2172 προσηκον
817 2086 948 2170 μηδείς,
975 2079 1049 2151 τότε

85 2179 243 2252 ἀπέδωκε
260 2198 327 2262 τοῖς
345 2180 426 2274 πρὸς
443 2182 579 2276 μητρός,
600 2189 746 2273 διορίσας
763 2177 821 2262 ούς
841 2186 1046 2273 δεῖκρατείν.

84 2283 183 2370 Λαβέ
201 2282 240 2351 δέ
257 2279 371 2363 αύτοίς
389 2287 444 2354 καλ
461 2286 581 2355 τούτου
597 2281 655 2355 τόν
672 2281 775 2382 νόμον
792 2285 847 2352 καὶ
864 2279 1045 2384 ἀνάγυωθι.

502 2431 639 2482 ΝΟΜΟΣ.

172 2554 284 2619 Ταύτα
305 2552 373 2621 τοῖν
402 2549 516 2640 νόμων
538 2549 742 2622 κελευόντων
763 2545 782 2620 ὁ
805 2550 866 2638 μέν
894 2546 978 2639 ἀνὴρ
1002 2544 1050 2619 ἀν
1067 2575 1101 2627 23

84 2647 172 2720 ούδέ
190 2653 251 2719 τού
267 2654 386 2743 μέρους
404 2660 552 2741 είληχεν,
577 2657 612 2722 οί
628 2647 660 2721 δ’
678 2646 764 2742 ύπδρ
781 2649 901 2748 ταύτης
917 2653 974 2737 τῆς
991 2679 1050 2737 γν-

85 2747 205 2831 ναικδς
233 2746 403 2823 ἀπάντοου·
427 2749 514 2822 ούτω
536 2749 598 2840 τὴν
621 2748 794 2822 ἀναίδειαν
816 2747 977 2839 οὐδεμίαν
999 2759 1050 2839 ζη·

82 2861 171 2941 μίαν
192 2849 279 2921 εἶναι
302 2859 479 2942 νομίζουσι.
515 2855 571 2923 καί
588 2847 674 2944 ύπέρ
691 2849 818 2922 τούτων
839 2851 1050 2942 τολμήσουσι,

81 2955 143 3022 καί
171 2968 242 3032 τοῖς
262 2951 370 3041 λόγοις
386 2957 530 3046 χρῶνται
558 2952 734 3042 τοιούτοις,
765 2947 810 3034 ὥς
836 2948 949 3034 αύτοῑς
971 2949 1051 3023 ὅλου

81 3055 149 3124 τού
167 3050 293 3144 κλήρου
311 3055 463 3144 ληπτέον,
487 3052 539 3127 ὅτι
558 3053 793 3146 Θρασύβουλος
817 3057 985 3142 ἐκποίητος
1005 3061 1052 3134 είς

81 3152 146 3226 τδν
173 3152 266 3223 οἶκον
287 3151 347 3224 τδν
365 3151 591 3246 Ἱππολοχίδον
619 3158 751 3243 γέγονε,
782 3156 931 3242 λέγοντες
954 3156 1051 3224 τούτο

81 3256 149 3344 μὲν
175 3251 315 3343 ἀληθές,
343 3259 450 3325 έκεῖνο
474 3253 506 3325 δ’
530 3253 571 3327 ού
594 3256 775 3348 προσῆκον·
810 3262 846 3324 τί
865 3251 929 3343 γάρ
952 3244 1051 3342 ἦττον
1068 3281 1101 3331 24

82 3352 184 3447 αύτῷ
200 3357 258 3443 τῆς
275 3363 470 3443 συγγενείας
487 3356 607 3444 ταύτης
626 3357 806 3448 προσῆκενς
830 3351 870 3424 ού
887 3352 950 3446 γὰρ
968 3351 1051 3424 κατὰ

79 3457 145 3527 τὸν
174 3457 299 3547 πατέρα
325 3453 408 3527 ἀλλά
425 3452 507 3527 κατά
523 3455 584 3546 τὴν
605 3458 729 3547 μητέρα
746 3458 801 3526 καλ
818 3457 884 3541 τάν
898 3452 1050 3526 Ἀπολλο-
