2490 3914
87 211 113 262 p.
130 192 173 244 53.
235 191 326 241 ΠΕΡΙ
343 188 418 239 ΤΟΥ
436 188 710 240 ΔΙΚΔΙΟΙἘΝΟΤΣ
726 189 890 243 ΚΛΗΡΟΤ.
1003 195 1045 259 65

89 360 339 452 ἐξηπατήθημεν
363 354 424 428 ὑπ’
452 355 579 447 αὐτοῖν,
607 349 785 449 άάνδρες·
805 359 882 431 οὔτε
898 359 962 450 γάρ
981 372 1045 430 Δι·

86 465 258 551 καιογένης
285 457 325 532 τά
344 458 405 530 δύο
422 460 505 548 μέρη
522 454 602 547 ἡμῖν
620 462 682 530 τοά
698 460 821 552 κλήρου
839 464 1044 552 παρέδωκεν,

86 561 289 653 ὁμολογήσας
325 563 379 630 ἐπὶ
410 563 472 630 του
498 566 727 651 δικαστηρίου,
762 560 840 633 οότε
864 560 1044 653 Λεωχάρης

85 661 242 754 ὁμολογεῖ
258 659 484 750 ἐγγυήσασθαι
497 656 601 730 αὐτόν
613 659 696 731 τότε.
723 669 830 733 καίτοι
842 671 871 733 εί
888 660 932 752 μή
951 666 1045 733 ἐναν·
1061 685 1097 740 20

84 773 159 835 τίον
184 765 246 853 μὲν
263 766 330 832 τάν
349 763 530 848 δικαστάν,
556 769 783 833 πεντακοσίων
800 761 922 850 όντων,
951 766 1046 833 ἐναν-

86 874 159 936 τίον
186 866 223 934 δὲ
248 867 314 934 των
340 859 599 952 περιεστηκότων
624 859 779 951 ήγγυάτο,
806 860 869 934 οὐκ
894 859 959 934 οἷδ’
979 860 1046 933 ὅτι

88 961 131 1036 άν
158 969 318 1053 ἐποίησεν.
364 958 409 1043 σός
433 962 495 1051 μὲν
510 969 627 1033 τοίνυν
643 967 833 1055 περιφανῶς
850 963 1044 1052 ψεύδονται,

88 1065 254 1156 μάρτυρας
272 1059 353 1154 ὑμῖν
369 1061 581 1153 παρεχόμεθα
605 1061 683 1145 τούς
709 1064 883 1154 παρόντας,
911 1061 966 1134 ὅτε
983 1076 1045 1134 Δι·

88 1168 259 1254 καιογένης
281 1165 344 1254 μὲν
369 1161 541 1252 άφίστατο-
554 1181 626 1234 τοῖν
645 1171 740 1235 δυοῖν
757 1181 872 1254 μεροῖν
890 1168 951 1234 του
967 1163 1045 1252 κλή-

89 1295 149 1357 ρου
175 1269 232 1336 καὶ
256 1261 415 1354 ὡμολόγει
439 1260 714 1353 άυαμφισβήτητα
736 1263 948 1357 παραδώσειν
970 1281 1044 1346 ταῖς

88 1370 324 1489 Δικαιογένους
350 1362 527 1453 άδελφοιῖς,
554 1364 731 1456 Λεωχάρης
755 1366 793 1435 δὲ
815 1363 961 1487 ήγγυάτρ
985 1362 1044 1435 αὖ·
1170 1408 1172 1416 ν

87 1465 146 1538 τόν
163 1497 184 1536 α
170 1463 385 1556 “ο5μολόγησε
402 1467 457 1534 καὶ
475 1463 633 1553 ποιήσειν.
653 1465 798 1554 δεόμεθα
811 1467 848 1535 δὲ
865 1461 956 1535 καὶ
937 1494 1044 1554 υμων,

89 1597 115 1636 ω
104 1559 268 1658 ἄνδρες,
296 1576 330 1635 εί
342 1595 391 1646 τις
411 1563 566 1654 ἐτύγχανε
583 1593 699 1656 παρων
715 1565 804 1687 τότε,
831 1563 1045 1687 ἀναμνησθή-

88 1697 143 1738 ναι
170 1674 201 1736 εί
224 1669 362 1756 λε’γομεν
388 1662 499 1754 άληθή
523 1669 578 1735 καὶ
604 1670 769 1754 βοηθήσοι
786 1663 880 1755 ἡμῖν·
909 1655 1045 1753 ἐπεί,
1016 1693 1043 1734 ω
1060 1693 1095 1746 ²1

88 1765 226 1857 ἄνδρες,
254 1775 285 1836 εί
301 1769 519 1854 Δικαιογένης
537 1763 648 1854 άληθή
663 1770 768 1855 λέγει,
794 1774 830 1836 τί
844 1762 937 1855 ἡμεῖς
955 1763 1042 1854 ὠφε-

87 1867 237 1957 λοάμεθα
253 1867 461 1955 νικήσαντες,
488 1863 561 1954 ήτί
574 1857 670 1948 οὗτος
689 1865 853 1956 ἐζημιώθη
870 1862 1042 1954 ἡττηθείς,
1032 1885 1042 1916 ·“

88 1965 208 2086 είγάρ
236 1964 358 2056 άπέστη
384 1966 486 2056 μόνον
513 1963 572 2056 (ὥς
598 1967 693 2057 φησι)
720 1983 792 2038 τοῖν
811 1973 909 2037 δυοῖν
926 1981 1044 2056 μεροῖν

87 2098 147 2138 του
137 2067 303 2158 κλήρου,
321 2064 649 2156 άναμφισβήτηταδὲ
665 2097 709 2157 μη
698 2065 736 2157 λ
761 2063 921 2190 μμολόγει
939 2093 1045 2157 παρα-

89 2167 226 2256 δώσειν,
252 2176 288 2237 τί
312 2164 522 2256 ἐζημιοῦτο’
503 2167 723 2290 αφιστρίμενος
749 2157 797 2237 οἷν
820 2165 917 2256 τιμήν
935 2166 1041 2256 είχενς

87 2265 218 2339 οὐδὲ
193 2267 257 2359 γάρ
284 2271 364 2355 πρὶν
380 2263 563 2390 ήττηθήναι
579 2266 641 2390 τήή
659 2274 755 2356 δίκην
780 2257 911 2356 εἶχεν
883 2295 932 2338 ων
948 2263 1043 2356 ἡμεῖς

88 2368 303 2459 δικαζόμεθα,
321 2363 396 2450 ἀλλ’
423 2366 560 2458 οίπαρά
575 2366 696 2439 τούτου
722 2367 894 2459 πριάμενοι
912 2370 967 2437 καὶ
984 2371 1042 2438 θέ-

87 2498 196 2559 μενοι,
223 2466 272 2550 οἷς
298 2475 367 2538 ἔδει
394 2464 495 2538 αὐτόν
520 2457 688 2591 άποδόντμ
712 2466 773 2556 τήν
790 2464 887 2556 τιμήν
903 2463 986 2556 ήμῖν
1002 2465 1043 2536 τά

87 2573 170 2660 μέρη
195 2567 386 2641 άποδοάναι.
426 2566 481 2637 διά
505 2596 609 2691 ταμτα
633 2566 697 2691 γάρ
714 2571 769 2638 καὶ
787 2565 864 2647 νοός
883 2565 1043 2689 ἐγγυητάς
1059 2596 1095 2645 22

86 2667 165 2759 παρ’
194 2666 295 2739 αὐτον
283 2668 490 2757 ἐλάβομεν,
518 2665 558 2738 06
578 2668 786 2749 πιστεύοντες
813 2664 903 2760 αὐτῷ
919 2663 942 2734 6
959 2663 1042 2757 οὸμο-

86 2769 208 2858 λόγησε
225 2768 382 2857 ποιήσειν.
420 2765 507 2856 πλήν
522 2766 586 2860 γάρ
614 2775 760 2839 δυοῖνί
726 2798 744 2838 ο
747 2774 831 2838 ίίκιδ
828 2796 880 2838 οιν
899 2771 960 2850 ἔξω
977 2775 1042 2838 τεί-
1135 2827 1141 2835 .

85 2898 166 2959 χους
192 2873 247 2938 καὶ
274 2873 310 2938 ἐν
335 2875 449 2962 Πεδίῳ
477 2868 633 2955 εξήκοντα
659 2872 815 2960 πλέθρων
831 2863 934 2938 οὐδὲν
951 2895 1042 2938 κεκο-

84 2978 251 3060 μίσμεθα,
279 2966 350 3039 ἄλλ’
378 2975 413 3040 οί
435 2966 523 3060 παρά
547 2967 665 3040 τούτου
682 2973 817 3058 θέμενοι
834 2967 1043 3057 καλπριάμε·

83 3099 147 3140 νοι.
175 3065 268 3159 ἡμεῖς
287 3066 318 3139 δ’
337 3067 399 3140 οόκ
412 3068 580 3158 ἐξάγομεν
601 3073 735 3158 δέδιμεν
745 3066 808 3158 γάρ
825 3065 870 3157 μή
887 3065 1044 3157 ὄφλωμεν

85 3177 190 3252 δίκας.
227 3173 283 3240 καὶ
308 3167 373 3261 γάρ
398 3177 569 3258 Μικίωνα,
597 3168 788 3250 κελεύοντος
806 3171 1044 3256 Δικαιογένους
1074 3207 1081 3217 s

82 3275 141 3340 καλ
159 3270 344 3360 φάσκοντος
361 3267 406 3359 μή
424 3269 638 3359 βεβαιώσειν,
667 3269 835 3358 ἐξάγοντες
854 3271 889 3337 ἐκ
906 3272 967 3338 τοῦ
983 3276 1043 3356 βα-

82 3379 221 3442 λανείου
248 3369 402 3460 άφλομεν
426 3367 664 3460 τετταράκοντα
689 3373 771 3458 μνάς
799 3363 853 3438 διά
870 3371 1044 3456 Δικαιογέ·

79 3500 167 3560 νην,
186 3461 213 3540 ό
229 3470 358 3562 ἄνδρες,
403 3465 580 3559 ήγοόμενοι
596 3468 658 3561 γάρ
675 3466 737 3539 οὐκ
754 3464 796 3539 ἂν
812 3463 914 3539 αὐτόν
930 3476 1042 3556 βεβαι·
1058 3485 1093 3538 2³

140 3588 253 3637 Ιεεεοε.
870 3584 888 3642 5
