2502 3930
119 125 175 172 01³.
193 124 217 170 2.
286 121 375 172 ΠΕΡΙ
392 119 467 170 ΤΟΤ
484 119 738 174 ΜΕΝΕΚΔΕΟΤΣ
756 121 918 171 ΚΛΗΡΟΤ,
1031 127 1072 192 23

120 301 198 376 ζειν
218 293 318 362 καὶέ
303 295 480 413 ἐξερημοῦν
509 286 613 360 αὐτοῦ
641 290 698 362 τόν
720 285 884 364 οἶκονέ
869 297 988 380 ἐπεβίω
1012 291 1074 383 γδρ

124 396 247 472 ἐκεῖνος
271 389 350 480 μετὰ
373 390 434 479 τῆν
457 399 590 480 ποίησιν
612 387 674 462 οῦκ
698 390 893 464 ἐνιαυτδν“
873 421 933 463 ενα
954 420 975 479 η
1001 392 1072 513 δόρ,

120 489 207 562 ῦλλίι
230 501 305 583 τρία
334 495 389 562 καὶ
418 503 541 562 εῖκοσιν
570 497 639 579 ἐτη
668 495 722 592 καὶ
748 497 803 564 ἐν
810 491 915 586 τοῦτο
938 497 985 585 τῷ
1001 491 1073 584 χρό

14 611 16 616 ’
82 673 83 678 ¹
120 621 188 685 νω,
212 591 356 684 τοσούτῳ
385 589 472 679 όντι,
501 588 641 662 οῦδέν’
625 581 747 673 εκείνος
767 596 911 715 μετέγνω
928 596 995 664 τῦν
1018 620 1073 664 πε-

123 696 321 781 πραγμένωυ
334 695 456 784 ἕαντςῦ,
477 689 574 760 διὰ
541 721 577 762 το
594 690 691 789 παρδι
693 690 827 763 πάντων
843 689 1074 781 ὁμολογεῖσθαι

121 790 173 862 ότι
196 783 239 880 ῆν
260 789 369 884 όρθῦς
397 796 663 881 βεβουλευμένος
709 789 810 862 καῖ’
786 822 841 874 ως
859 791 971 882 ἀληθῆ
991 796 1074 924 λέγερ
1094 815 1125 866 16

120 897 242 979 ταῦτα,
271 897 327 980 τῆς
356 894 417 982 μὲν
446 890 606 1012 ποιῆσεως
629 888 711 981 ὑμῖν
732 890 808 973 τοῦς
831 893 996 1014 φράτορας
1020 897 1074 966 καί

120 991 199 1074 τοῦς
217 990 380 1083 όργεῦνας
392 995 447 1062 καὶ
464 991 539 1072 τοῦς
559 991 698 1081 δημότας
710 993 941 1082 παρέξομαι’
898 1022 1073 1084 μαρτυρας,

124 1089 168 1174 69
188 1086 220 1163 δ’
241 1097 315 1180 ἐξῆν
332 1092 549 1188 ποιήσασθαι,
572 1090 629 1163 τόν
646 1091 749 1184 νόμον
772 1091 872 1164 αὐτόν
895 1089 975 1183 ῦμῖν
997 1090 1074 1164 ἀνα-

115 1193 301 1282 γνώσεται,
326 1190 405 1264 καθ’
421 1189 474 1264 Νῦν
496 1189 517 1280 ῆ
535 1201 662 1281 ποίησις
682 1196 817 1280 ἐγένετο.
858 1201 926 1264 Καί
941 1223 995 1284 μοι
1018 1192 1075 1274 τὰς

120 1301 303 1383 μαρτυρίας
321 1291 492 1381 ἀνάγνωθι
509 1291 628 1374 ταῦτας
646 1296 700 1364 καὶ
717 1291 775 1364 τόν
792 1293 902 1383 νόμον.

413 1437 621 1509 mmm.
651 1458 787 1510 αοιιοε.

194 1593 248 1678 Ὡς
265 1598 327 1686 μὲν
343 1605 458 1669 τοίνυν
472 1602 545 1686 ἐξῆν
557 1601 604 1689 τῷ
615 1607 782 1669 Μενεκλεῖ
798 1595 985 1684 ποήσασθαι
1002 1595 1077 1667 υίὸν
1096 1623 1127 1672 17

121 1693 216 1790 αὐτῷ
232 1694 361 1768 ὅντινα
379 1697 548 1786 ἐβούλετο,
573 1693 590 1766 6
608 1696 705 1786 νόμος
724 1695 820 1777 αῦτός
837 1704 953 1785 δηλοῖ·
977 1693 1020 1777 ῦς
1040 1698 1076 1766 δὲ

124 1797 373 1886 ἐποιῆσατο,”
339 1827 369 1868 οι
387 1815 423 1868 τε
444 1797 604 1890 φράτορες
622 1801 676 1868 καὶ
694 1826 725 1867 οι
719 1796 880 1886 δημόται
898 1800 1003 1867 καίοι
1022 1793 1075 1886 όρ

121 1903 245 1990 γεῦνες
261 1893 343 2018 ῦμῖγ
360 1896 671 2020 μεμαρτυρήκασιν·
686 1896 769 1968 ὥστε
792 1899 980 2019 περιφανεῖς
997 1893 1075 1968 ἄπο

124 1994 329 2070 δέδεικται
311 2016 405 2088 ημῖν,
430 2028 455 2070 ω
444 1989 652 2089 ἅνδρες,’
636 1997 794 2089 ομάρτυς
815 1995 944 2085 τάληθῆ
967 2003 1075 2086 διαμε-

122 2098 359 2188 μαρτυρηκοός,
380 2102 435 2168 καὶ
459 2090 550 2170 οῦτοι
573 2098 654 2187 πρός
677 2126 715 2186 γε
732 2097 793 2186 τῆν
816 2106 948 2186 ποίησιν
973 2093 1076 2184 αῦτῆν

122 2197 223 2287 λόγον
246 2195 322 2269 οὐδ’
347 2194 501 2270 ὁντινοῦν
530 2194 718 2270 δύναιντ’
704 2227 746 2270 αν
769 2195 945 2268 ἀντειπεῖν.
986 2207 1075 2287 Πρα-
1095 2225 1128 2275 18

121 2301 274 2388 γθέυτυν
292 2300 329 2369 δέ
345 2299 473 2371 τοῦτον
485 2298 613 2368 ἐσκόπει
629 2295 647 2369 6
660 2303 833 2386 Μενεκλῆς
850 2296 993 2386 γυναῖκα
1009 2326 1074 2385 μοι,

122 2401 181 2468 καὶ
200 2407 262 2488 ἐφη
280 2427 320 2488 με
344 2404 461 2488 χρῆναι
477 2404 591 2488 γῆμαί
614 2401 669 2470 καὶ
688 2396 750 2486 ἐγεδ
768 2396 923 2488 λαμβάνω
940 2396 1001 2485 τῆν
1018 2401 1077 2466 τοῦ

125 2507 315 2570 Φιλωνίδου
349 2503 524 2590 θυγατέρα.
583 2496 731 2579 κάκεῖνός
764 2527 801 2569 τε
828 2496 889 2587 τῆν
919 2497 1076 2588 πρόνοιαν

126 2600 215 2688 εἶχεν
232 2597 347 2690 ὥσπερ
361 2599 446 2680 εἰκός
464 2605 529 2671 ἐστι
547 2603 670 2689 πατέρα
692 2602 767 2690 περὶ
784 2601 871 2680 υίέος
895 2607 996 2686 ἐχειν,
1021 2599 1076 2668 καὶ

125 2697 191 2788 ἐγῶ
220 2697 277 2770 τόν
306 2697 411 2772 αῦτδν
438 2699 559 2789 τρόπον
588 2698 697 2788 ὥσπερ
725 2697 813 2791 γόνῳ
843 2697 921 2768 ὄντα
954 2702 1077 2788 πατέρα

115 2804 271 2888 ’ἐμαυτοῦ
288 2800 491 2890 ἐθεράπευόν
512 2829 547 2870 τε
565 2803 619 2870 καὶ
636 2797 842 2890 ᾐσχυνόμην,
867 2801 922 2868 καὶ
942 2796 1004 2886 ἐγοδ
1022 2801 1076 2868 καί
1121 2875 1123 2882 ⁴

124 2897 249 2989 ῆγυνῆ
266 2897 286 2988 ῆ
306 2900 380 2990 ἐμῆ,
400 2897 482 2971 ὥστε
501 2897 720 2990 ἐκεῖνον’πρὸς
731 2897 809 2980 τοῦς
828 2898 968 2988 δημότας
988 2903 1076 2970 ἐπαι-

125 3018 200 3071 νεῖν
218 2997 371 3082 ἅπαντας.
422 3032 425 3042 ’

194 3097 262 3170 Ὅτι
281 3101 318 3170 δὲ
335 3099 375 3172 οῦ
393 3106 568 3193 παρανοεῖν
585 3101 666 3172 οῦδὲ
682 3103 815 3189 γυναικὶ
838 3098 1037 3189 πειθόμενος
1058 3093 1126 3170 619

125 3204 300 3289 Μενεκλῆς
313 3200 501 3292 ἐποιήσατο,
520 3200 592 3272 ἁλλ’
613 3193 651 3274 εῦ
667 3204 813 3292 φρονοῦν,
833 3202 972 3320 ἐνθένδε
990 3202 1077 3270 ἐστὶν

123 3297 206 3391 ὑμῖν
228 3300 345 3423 ρᾴδιον
368 3307 570 3389 ἐπιγνωναι.
595 3307 726 3392 πρῦτον
742 3297 858 3388 μὲν
819 3329 881 3390 γαρ
899 3329 919 3388 η
909 3295 1078 3388 ἀδελφή,
1173 3334 1182 3360 x

124 3391 240 3491 περὶ
218 3430 256 3487 ης
273 3391 368 3481 οῦτος
385 3399 442 3472 τόν
466 3412 617 3474 πλεῖστον
632 3433 691 3475 του
680 3400 813 3488 λόγου
832 3408 1014 3488 πεποίηται,
1033 3396 1076 3480 69
