2490 3914
218 125 259 188 90
627 118 756 171 ΙΣΑΙΟΤ
1074 119 1123 171 On.
1141 121 1168 174 7.

217 289 295 371 τούς
311 304 485 386 συγγενεῖς
501 285 651 373 ἀπέδειξε
667 293 723 360 καὶ
740 297 788 372 εἰς
805 287 845 360 τά
861 286 956 360 κοινά
965 307 1171 381 γραμματεῖα

219 394 415 482 ἐνέγραψεν,
447 386 574 461 ἅπανθ’
607 387 669 460 ὅσα
699 394 865 483 προσῆκεν
898 387 995 471 αύτός
1021 391 1168 482 ποιήσας,

218 488 291 561 ἀλλ’
312 500 345 560 ελ
357 518 405 571 τις
422 489 630 579 τελευτήσειν
647 493 777 580 μέλλων
795 493 941 580 διέθετο,
961 502 994 561 εἰ
1006 520 1038 562 τι
1055 490 1169 581 πάθοι,

218 589 278 680 τὴν
295 587 412 661 ούσίαυ
440 592 557 685 έτέρφ,
584 593 638 662 καὶ
655 588 750 661 παύε’
778 595 814 662 ἐν
830 589 996 683 γράμμασι
1013 595 1169 664 κατέθετο

184 715 201 763 2
217 690 306 784 παρά
321 713 387 762 τισι
404 691 639 781 σημηνάμενος.
669 696 795 764 ἐκεῖνον
812 694 873 782 μέν
889 690 953 782 γάρ
974 690 1035 762 τόν
1048 692 1170 781 τρόπον

217 790 435 881 ποιησάμενος
460 790 607 883 φανεράς
634 795 810 881 κατέστησε
835 790 892 873 τάς
917 787 1022 862 αύτού
1051 793 1170 882 βουλή·

217 915 303 983 σεις,
321 889 399 964 ὅλον
415 890 452 963 τό
465 896 598 985 πρᾶγμα
610 891 832 984 έπιιαιρύσας,
852 890 979 964 δόντων
997 889 1088 986 αύτῷ
1103 898 1170 964 των

214 993 343 1084 νόμων·
362 988 380 1064 ό
399 990 431 1064 δ’
451 997 487 1064 έν
505 991 680 1082 διαθήκαις
691 992 917 1084 σημηνάμενος
929 989 1072 1081 άδήλους
1084 998 1169 1065 έπολ-

216 1115 294 1183 ησε,
320 1090 371 1163 διδ
393 1096 509 1164 πολλοὶ
530 1092 719 1165 πεπλάσθαι
742 1093 924 1183 φάσκοντες
947 1090 1057 1174 αὐτάς·
1070 1090 1169 1184 ἄμφι-

216 1200 352 1283 σβητελν
362 1191 490 1276 άξιούσι
502 1191 584 1285 πρός
593 1192 668 1276 τούς
680 1197 887 1283 ποιηθέντας.
915 1202 1001 1265 ἔοικε
1018 1191 1051 1264 δ’
1070 1191 1169 1265 οὐδέν

216 1292 386 1386 προύργου
407 1298 505 1365 τούτο
529 1295 629 1366 εἶναι·
653 1297 708 1366 καὶ
731 1292 795 1387 γάρ
817 1292 922 1375 οὕτως
940 1292 1052 1366 αὐτῶν
1069 1324 1169 1385 φανε-

155 1442 160 1454 ,
216 1399 281 1486 ροῐς
305 1397 544 1486 πεπραγμένων
566 1392 653 1486 ὅμως
669 1390 754 1486 ύπδρ
770 1399 828 1484 τῆς
844 1393 1011 1486 θυγατρός
1028 1399 1085 1483 τῆς
1103 1392 1170 1467 Εύ·

215 1495 350 1576 τάλιδος
377 1492 495 1619 ἥκρυσι
522 1498 598 1588 περὶ
626 1499 694 1566 τεόν
720 1493 967 1587 Ἀπολλοδώρου
996 1494 1169 1588 χρημάτων

180 1593 296 1688 3πρδς
325 1596 381 1685 έμδ
410 1591 721 1685 άμφισβητησοντες.
769 1593 831 1686 ἐγω
855 1593 929 1666 δ
931 1598 1072 1686 λμδν
1055 1596 1169 1687 ειόρων

215 1693 302 1820 ύμάς
322 1700 446 1786 μάλλον
468 1693 783 1786 ἀποδεχομένους
745 1725 803 1777 τας
821 1692 1096 1818 διαμαρτυρίας“
1075 1727 1096 1785 η
1112 1694 1169 1777 τάς

216 1793 429 1885 εύθυδικίας,
449 1791 512 1866 κάν
528 1795 695 1918 μάρτυρας
705 1794 940 1888 προύβαλόμην
957 1826 1001 1886 μη
1020 1800 1169 1868 ἐπίδικον

216 1895 359 1968 εἶναι
326 1926 384 1969 τον
409 1899 531 1988 κληρον
557 1892 601 1977 ιός
627 1903 848 1986 ποιησαμένου
871 1925 911 1986 με
927 1895 1003 1969 υἱόν
1017 1894 1168 1968 Ἀπολλο

216 1996 326 2089 δύρου
344 1994 426 2068 κατά
442 1994 520 2078 τούς
532 1995 673 2086 νόμους·
698 1995 811 2086 ἐπειδὴ
830 1994 862 2066 δ’
881 1993 921 2068 ού
940 1996 1114 2087 διαφεύγει
1130 1995 1170 2067 τά

215 2103 328 2166 δίκαια
349 2095 394 2187 μὴ
416 2094 457 2167 ού
480 2100 535 2167 καὶ
556 2101 675 2168 τούτου
697 2097 941 2187 γιγνώσκεσθαι
958 2095 1016 2168 τόν
1032 2097 1169 2188 τρόπον,

214 2199 269 2266 καὶ
286 2194 365 2289 παρ’
382 2193 464 2286 ύμῖν
481 2193 593 2279 αύτοις
609 2195 679 2286 ἥκω
693 2195 919 2287 διαλεξόμενος
936 2201 1011 2289 περὶ
1028 2202 1096 2268 τοῖν
1114 2224 1170 2268 πε-

215 2300 429 2389 πραγμένων,
451 2303 508 2367 ἰ’να
529 2302 694 2388 μηδεμίαν
715 2293 804 2388 ἡμῖν’
819 2306 933 2384 αἰτίανΙ
950 2301 1026 2390 περὶ
1048 2299 1110 2369 τού
1126 2296 1170 2387 μὴ

179 2420 197 2468 4
214 2397 395 2485 βούλεσθαι
418 2401 536 2469 δούναι
555 2403 652 2486 δίκην
669 2397 825 2488 τοιαύτην
845 2401 1052 2490 ἐπιφέρωσιν.
1089 2393 1171 2468 άπο·

215 2502 310 2581 δείξω
335 2500 373 2568 δέ
397 2493 440 2578 ὥς
457 2494 498 2568 ού
515 2496 618 2588 μόνον
636 2502 689 2569 ἐπὶ
706 2516 774 2580 τοις
793 2498 957 2587 ἐγγυτάτω
974 2502 1094 2587 γένους
1111 2497 1171 2569 τόν

213 2601 336 2719 κλῆρον
346 2595 589 2689 Ἀπολλόδωρος
602 2596 644 2669 ου’
656 2603 879 2688 καταλέλοιπε,
893 2597 997 2671 πολλά
1007 2602 1064 2669 καὶ
1076 2596 1171 2669 δεινά

212 2692 280 2768 ύπδ
296 2696 424 2768 τούτων
440 2695 628 2789 ἀδικηθείς,
655 2696 737 2789 άλλά
763 2695 868 2769 xal‘
845 2727 889 2780 ως
915 2703 954 2788 έμ
955 2701 1011 2769 δ’
995 2697 1170 2787 εποιήσατο

164 2863 165 2866 ,
215 2796 408 2887 δικαίως,”
389 2826 470 2868 οντα
492 2785 714 2890 ἀδελφιδοῦν,
739 2803 793 2870 καὶ
811 2798 936 2888 μεγάλα
954 2797 1170 2891 εὐεργετημέ-

212 2926 268 2977 νος
290 2893 353 2987 ὐφ’
372 2894 474 2988 ἡμῶν.
513 2903 627 2989 δέομαι
645 2894 718 2971 δέ
698 2929 809 2989 υμων,
829 2928 854 2968 ω
843 2889 1049 2996 ἄνδρες,
1033 2898 1171 2970 πάντων

211 2992 331 3087 ὁμοίως
354 2996 488 3071 εύνοιάν
511 3002 549 3069 τέ
562 3028 617 3089 μοι
633 3017 833 3092 παρασχεῖν,
857 2995 920 3072 κάν
944 2997 1050 3070 ἐπὶ
1015 3029 1075 3072 τον
1092 3003 1223 3086 κλῆ-

212 3126 273 3220 ρρυ
294 3094 438 3181 άναιδως
460 3095 581 3180 αύτούς
611 3099 719 3182 ἰόντας
750 3103 920 3223 ἐξελέγχω,
949 3107 1092 3188 βοηθεῖν
1115 3128 1222 3189 μοι

211 3195 252 3266 τά
276 3204 395 3269 δίκαια.
436 3197 670 3288 ποιήσομαιδ’
694 3196 739 3282 εδς
762 3195 805 3270 άν
827 3196 917 3288 κάγω
942 3199 1095 3288 δύνωμαι
1115 3195 1175 3268 διά

212 3297 426 3388 βραχυτάτων
451 3296 527 3380 τούς
544 3299 678 3390 λόγους,
702 3305 735 3384 ἐξ
752 3297 853 3391 ἀρχῆς
871 3295 915 3381 ὥς
933 3306 998 3388 ἔχει
1016 3297 1057 3369 τά
1072 3296 1175 3388 γενό-
1219 3373 1220 3378 ,

212 3423 296 3468 αενα
314 3396 480 3470 διδάσκων
495 3394 589 3490 ύμάς.
1018 3482 1020 3488 Ι
