2490 3914
60 152 88 203 p.
105 135 148 187 86.
286 133 376 184 ΠΕΡΙ
391 132 468 184 ΤΟΤ
484 132 620 198 ΑΓΜΟΤ
638 133 801 185 ΚΑΗΡΟΤ.
951 139 1011 200 141

57 306 121 395 μδν
149 295 193 392 ήν
220 307 263 393 τῇ
292 300 392 391 φύσει
418 301 568 391 πόντων,
599 307 636 373 έν
664 281 795 384 δέταῖς
815 300 1013 392 ἀγχιστείαις

58 401 327 494 ὁμολογουμένως
337 399 399 473 οῦκ
417 409 514 474 ἔστιν.
551 402 620 473 εἶτα
635 402 767 493 γράψας
780 400 921 486 ἀνεψιοῦ
936 419 1013 483 παῖς
1031 429 1064 481 18

59 505 145 575 εἶναι
163 498 317 584 κάκείνας
336 506 498 590 ἐξελέγξας
515 499 578 574 αι”νι
593 500 695 584 οῦσας
714 507 750 574 έν
765 520 836 584 ταῖς
853 500 1013 592 ἀγχιστεί-

58 634 127 693 αις,
146 601 253 684 οὕτως
271 601 513 692 ἐπεδικασάμην
534 600 612 693 παρ’
630 599 728 692 ῦμῖν,
752 607 808 673 καὶ
823 600 935 674 νότων
951 598 1013 673 οῦκ

59 707 179 793 ἴσχυσέ
198 732 230 774 τι
252 701 329 774 οῦτε
344 707 386 793 τῇ
405 701 464 773 τόν
485 707 607 794 κλῆρον
632 701 751 793 έχοόση
767 703 804 774 τδ
821 730 1012 794 προνενικη-

56 809 153 875 κέναι
176 801 255 885 νοῦς
283 801 365 873 κατά
389 802 553 892 διαθήκην
580 801 908 893 ἀμφισβητήσαντας,
936 800 1013 874 οῦτε
1125 849 1128 858 ·

57 909 100 994 τῇ
118 907 214 996 ἑτέρα
230 901 267 976 τό
279 907 405 1025 μητέρα
423 903 507 974 εἶναι
530 907 590 974 τοῦ
605 900 664 974 τόν
680 896 803 994 κλήρου
820 903 1012 974 καταλιπόν-

57 1033 130 1094 τος,
153 1001 229 1075 ἀλλ’
254 1001 358 1085 οὕτως
381 1009 416 1074 οί
434 1001 508 1073 τότε
538 1003 719 1088 δικάζοντες
742 1002 852 1075 καὶ
820 1033 855 1074 το
884 1011 1012 1075 δίκαιον

58 1108 115 1176 καὶ
132 1103 212 1186 τοῦς
211 1102 347 1228 ὅρκους
370 1107 446 1195 περὶ
462 1109 587 1178 πολλοῦ
604 1101 866 1194 έποιήσαντο,”
839 1101 917 1174 ωστ’
943 1107 1013 1194 ἐμοὶ

58 1209 107 1298 τῷ
140 1202 224 1276 κατὰ
256 1202 333 1286 τοῦς
365 1203 487 1328 νόμους
521 1201 793 1335 ἀμφισβητοῦντι
813 1233 874 1316 την
900 1208 1012 1294 ψῆφον

58 1303 214 1394 ήνεγιιαν
243 1313 349 1376 καίτοι
366 1303 449 1375 εί
413 1333 471 1386 τας
487 1306 548 1395 μέν
560 1313 717 1397 νενίκηκα
733 1309 851 1376 τοῦτον
866 1301 924 1374 τόν
941 1303 1013 1396 τρό
1031 1307 1063 1370 19

58 1432 142 1528 πον,
165 1409 331 1490 ἐπιδείξας
353 1401 487 1496 μηδέν’
482 1414 592 1497 Αγυίιγ
612 1403 685 1476 κατ’
709 1403 897 1495 ἀγχιστείαν
914 1427 1012 1495 προσ-

58 1505 221 1596 ηκοῦσας,
256 1497 351 1588 οὗτος
387 1507 425 1575 δὲ
457 1503 502 1595 μή
531 1504 708 1630 ἐτόλμησεν
735 1503 942 1594 ἀντιδικησαι
966 1510 1014 1599 τρῖ
1072 1555 1075 1564 ·

57 1609 152 1678 παιδί
179 1610 244 1678 τοῦ
271 1601 468 1730 ἡμικληρίου
495 1603 576 1697 πρδς
604 1603 751 1696 ημᾶς,ο
733 1613 768 1677 οἱ
790 1608 827 1678 δέ
848 1614 1012 1698 Στρατίου

55 1711 171 1788 παῖδες
188 1713 230 1777 oc
243 1703 366 1781 ναῦτδν
376 1705 482 1800 τούτῳ
493 1706 713 1797 προσήκοντες
723 1708 808 1796 μηδὲ
823 1711 889 1778 νῦν
906 1703 1012 1790 ἀξιοῦ-

53 1829 109 1878 σιν
129 1804 344 1896 ἀντιδικῆσαι
366 1805 447 1898 πρός
471 1808 526 1896 ἐμὲ
549 1809 625 1897 περὶ
649 1805 776 1897 αὐτόν,
805 1816 871 1897 ἔχω’
892 1805 924 1878 δ’
949 1805 1012 1895 έγιδ

53 1905 110 1980 τόν
133 1913 263 2000 κλῆρον
287 1906 557 1996 ἐπιδικασάμενος
579 1904 659 1998 παρ’
682 1904 778 1998 ὑμῖν,
804 1911 956 1997 ἐξελέγχω
974 1909 1013 1978 δὲ

56 2012 170 2080 τοῦτον
186 2011 330 2099 μηδέπω
347 2010 404 2077 καὶ
420 2007 560 2098 τήμερον
573 2005 679 2098 ἔχοντ’
698 2015 804 2080 εἰπεῖν
819 2005 839 2078 ό
854 2038 885 2078 τι
901 2004 919 2079 ὁ
937 2026 1013 2089 παῖς

51 2101 164 2202 ’Λγνίμ
187 2107 352 2197 προσήκει
375 2104 448 2178 κατ’
470 2104 675 2197 ἀγχιστείαν,
698 2118 734 2178 τί
753 2116 799 2178 ἔτι
818 2115 872 2180 δεῖ
892 2119 1013 2198 μαθεῖν

54 2204 138 2298 ὑμᾶς
155 2205 176 2298 ἢ
193 2216 237 2278 τί
245 2221 380 2279 ποθεῖτε
391 2205 531 2280 ἀκοῦσαι
542 2211 618 2300 περὶ
629 2207 773 2296 τούτους
792 2207 855 2298 ἐγω
872 2210 933 2298 μὲν
950 2206 1012 2301 γὰρ

53 2305 97 2391 ως
117 2301 157 2380 εῦ
173 2312 363 2401 φρονοῦσιν
380 2304 461 2399 ὑμῖν
478 2307 575 2380 ίκανά
591 2307 680 2378 τάί
650 2337 665 2378 ε
666 2313 805 2400 ρημίνα
820 2319 948 2399 νομίζω.

133 2402 244 2492 Οὗτος
266 2418 382 2481 τοίνυν
406 2407 569 2514 ῥηδίως”
550 2439 616 2479 οτι
640 2405 682 2480 ἂν
698 2409 781 2500 τύχη
798 2409 1011 2499 ψευδόμενος,
1030 2423 1063 2474 20

55 2509 167 2582 καλ
129 2541 192 2600 την
211 2506 315 2582 αῦτον
304 2514 494 2601 πονηρίαν
502 2506 671 2599 οῦδεμίαν
688 2519 704 2594 ζ
703 2511 852 2600 ημίανί
822 2539 906 2582 εναι
922 2517 1012 2598 νομί·

56 2619 134 2734 ξων,
159 2615 267 2702 τολμᾷ
287 2638 328 2700 με
347 2609 537 2699 διαβάλλειν
559 2607 642 2680 ἄλλα
664 2638 700 2680 τε
722 2610 837 2699 πολλά,
865 2599 992 2700 περὶ
964 2638 1013 2679 ων

54 2710 235 2800 ποιήσομαι
252 2709 327 2791 τοῦς
344 2711 462 2801 λόγους
477 2709 574 2801 τάχα,
599 2714 654 2780 καὶ
671 2739 749 2781 νυνι
737 2707 894 2832 λέγει
870 2740 915 2792 ως
931 2714 1011 2781 έκοι·

54 2809 240 2900 νωσάμεθα
263 2811 325 2900 έγό
341 2841 377 2883 τε
393 2815 449 2882 καὶ
465 2815 690 2902 Στρατοκλῆς,
713 2810 771 2882 τόν
787 2808 900 2899 ἀγωνα
917 2814 1010 2881 εἰσιέ-

52 2941 112 2981 ναι
135 2913 216 3000 περὶ
238 2915 300 2982 τοῦ
320 2911 443 3002 κλήρου
465 2915 645 3001 μέλλοντες.
680 2908 829 3001 δμόνοις
850 2907 930 3001 ἡμῖν
944 2915 1013 2983 τοῖν

53 3009 283 3102 ἀμφισβητεῖν
299 3016 619 3103 παρεσκευασμένων
630 3009 692 3084 οῦκ
710 3016 804 3102 ἐνῆν,
824 3011 1012 3102 διομολογή-

53 3125 184 3184 σασθαι
202 3110 284 3203 πρός
301 3109 470 3202 ἀλλήλους.
506 3117 548 3205 τῇ
563 3114 626 3203 μδν
641 3110 704 3203 γὰρ
721 3110 938 3200 Εὐβουλίδου·
949 3123 1012 3182 θυ-
1029 3130 1060 3181 21

51 3217 152 3304 γατρὶ
171 3215 230 3282 καὶ
246 3217 288 3302 τῇ
300 3209 432 3302 Ἀγνίου
448 3211 637 3305 μητρὶπρδς
653 3208 737 3302 ἡμᾶς
749 3209 1010 3303 ἀγωνιζομένως,

51 3309 98 3400 μή
128 3311 215 3384 κατὰ
241 3310 341 3384 ταάτδ
373 3310 670 3404 ἀμφισβητοῦσαις,
707 3317 785 3402 ένήυ
811 3312 1012 3401 ποιήσασθαι

51 3413 248 3504 συνθήκας,
266 3409 309 3486 ἀν
324 3410 346 3502 ή
366 3417 459 3506 ἑτέρα
468 3418 559 3508 νικᾷ,
578 3421 727 3503 μετεῖναί
740 3443 771 3485 τι
788 3417 844 3484 καὶ
861 3418 902 3503 τῇ
918 3410 1012 3503 ἡττη-
