2490 3914
184 137 225 198 64
543 161 546 166 -
593 126 721 194 ΙΣᾼΙΟΤ
1036 137 1088 188 02,
1106 135 1134 190 5,

183 301 274 371 καῖ’
258 300 368 386 ετέρας
385 302 544 388 μηδεμιᾶς
562 293 881 386 ὁμολογουμένηςί
851 324 953 386 εναι,
979 322 1062 366 κατα
1050 287 1136 361 δό-

183 421 239 471 σιν
255 400 316 489 μέν
333 395 447 469 οὐδενὶ
464 401 608 488 προσήκε
624 425 683 468 του
672 395 836 488 ’κλήρου,
855 425 915 467 κατ
919 393 1137 514 ’άγχιστείαν

185 500 223 570 δδ
240 515 310 580 ταῖς
328 500 564 586 Δικαιογένους
575 501 637 568 τοῦ
652 493 878 578 ἀποθανόντος
895 493 1068 587 ἀδελφαῖς,
1088 520 1137 562 ων

185 607 271 670 είσιν
295 595 374 669 κί’
355 600 507 690 ημέτεροιι
532 601 675 721 μητέρες.
721 595 776 669 διά
802 600 968 670 δὲταῦτα
994 596 1088 676 ἔδοξέ
1101 617 1137 661 τε

183 695 265 789 ἡμῖν
289 711 402 823 λαχεῖν
426 727 485 769 του
511 698 634 789 κλήρου
659 694 732 769 κατ’
758 694 963 787 άγχιστείαυ,
990 700 1045 768 καὶ
1066 690 1137 767 ἐλά-

184 827 283 890 χομεν
307 796 344 871 τὸ
369 803 512 890 μέρος’4
492 820 633 881 εκαστος.
668 797 856 889 μελλόντων
883 795 952 869 δ’
933 802 1027 921 ημιὸν
1043 789 1138 868 άντά·

184 913 332 989 μνυσθαι
352 898 590 991 διεμαρτάρησε
602 897 779 989 Λεωχάρης
796 893 967 970 οὑτοσὶ
926 928 970 989 μη
990 903 1138 968 ἐπίδικον

134 1012 166 1065 17
186 999 328 1071 εἶναι
295 1031 352 1072 τον
378 995 541 1092 κλήρου
523 1017 611 1089 ημῖν.
647 1001 947 1107 έπισκηψαμένων
946 996 979 1070 δ’
1005 993 1138 1089 ήμῶνή

184 1101 245 1189 μὲν
262 1106 351 1189 λῆξις
367 1128 428 1170 του
416 1103 573 1192 ’κλήρου
581 1095 791 1191 διεγράφη,’
773 1128 804 1187 η
813 1101 914 1169 δὲ
866 1128 935 1170 των
928 1069 1138 1190 ψευδομαρ-

184 1229 308 1291 τυριων
327 1207 402 1288 δίκη
421 1199 533 1292 είσήει.
562 1204 598 1271 ἐν
617 1202 653 1270 δὲ
670 1229 715 1293 τω
704 1183 998 1370 δικαστιῇχω’
952 1227 1060 1271 παντα
1076 1201 1140 1290 μέν

185 1296 279 1389 ήμοὶν
305 1299 513 1372 είπόντωυ”
492 1330 514 1370 α
538 1306 599 1391 περ
625 1277 719 1389 νυνί,
746 1297 851 1371 πολλοὶ
878 1306 899 1370 δ
940 1299 1139 1392 Λεωχάρους

51 1472 53 1480 ,
186 1396 551 1491 άνταπολογησαμένου,
578 1406 727 1488 ἔγνωσαν
750 1397 789 1470 τά
806 1404 916 1488 ψευδῆ
932 1404 1140 1494 μαρτυρήσαι

185 1500 366 1592 Λεωχάρην
383 1507 417 1571 οί
427 1507 585 1572 δικασταί.
614 1499 727 1590 έπειδή
740 1501 777 1570 δὲ
792 1504 889 1572 τοῦτο
906 1499 1053 1594 φανερὸν
1071 1503 1139 1590 ἐγέ-

185 1628 260 1670 νετο
278 1605 508 1693 έξαιρεθεισων
524 1605 591 1672 των
608 1599 746 1690 νήφων,
774 1597 796 1671 δι’
811 1602 873 1690 μὲν
889 1605 956 1672 τοῖν
975 1605 1141 1672 δικαστῶν

186 1703 241 1769 καὶ
266 1699 360 1792 ήμοὸν
386 1700 510 1790 έδεήθη
536 1699 712 1792 Λεωχάρης
737 1696 758 1789 ή
783 1699 845 1773 ὅσα
871 1697 950 1790 ἡμῖν
977 1706 1140 1791 ἐξεγένετο

187 1801 430 1894 διαπράξασθαι
455 1801 546 1892 τότε,
573 1799 634 1871 οὐκ
659 1797 726 1872 οἶδ
753 1799 820 1871 ὅτι
840 1807 894 1872 δεῖ
908 1803 1033 1891 λέγειν,
1060 1799 1141 1873 άδὲ

135 1912 168 1966 18
187 1897 384 1992 ὡμολογήθη
410 1897 505 1992 ἡμῖν,
532 1904 637 1972 ταῦτα
662 1898 833 1973 ἄκου’σατε.
876 1901 1141 1995 συγχωρούντων

185 1999 249 2094 γάρ
265 1999 360 2093 ήμῶν
376 2007 424 2096 τῷ
447 1999 579 2092 άρχοντι
604 1998 649 2091 μή
667 2014 888 2094 συναριθμεῖν
905 1999 987 2072 άλλδ
1004 2007 1140 2094 συγχέαι

185 2100 243 2184 τάς
261 2103 410 2194 ψήφους,
436 2098 501 2192 άφί
499 2123 596 2175 στατο
621 2102 683 2192 μὲν
700 2105 918 2191 Δικαιογένης
943 2120 1015 2174 τοῖν
1042 2111 1140 2175 δυοῖν

187 2219 301 2294 μεροῖν
317 2232 377 2274 τον
366 2201 519 2294 κλήρου
535 2219 607 2284 ταῖς
623 2205 860 2292 Δικαιογένους
878 2199 1056 2294 ἀδελφαῖς,
1084 2207 1141 2274 καὶ

188 2298 346 2392 ωμολόγει
364 2300 639 2427 ιἰναμιγισβήτητα
653 2302 865 2426 παραδώσειν
882 2299 969 2394 ἡμῖν
977 2308 1083 2375 ταΰτα
1099 2302 1141 2374 τά

187 2405 283 2495 μέρη
315 2406 370 2473 καί
400 2432 505 2475 ταυτα
529 2400 673 2528 ήγγυοῖτο
699 2401 801 2475 αυτδν
825 2395 1001 2496 Λεωχάρης
1027 2401 1140 2476 οντοσδ

187 2506 242 2573 καί
268 2501 433 2595 ποιήσειν,
460 2500 501 2575 οὐ
526 2503 625 2628 μάγος
651 2499 733 2575 άλλά
758 2506 813 2574 καί
830 2500 1141 2594 Μνησιπτόλεμοςδ

187 2603 390 2689 Πλωθειεάς.
434 2608 490 2677 καὶ
514 2603 642 2677 τούτων
667 2600 748 2694 υμῖν
764 2602 841 2686 τούς
857 2603 1023 2709 μάρτυρας
1040 2607 1140 2696 παρέ·

188 2707 289 2794 ξομαι.

559 2852 764 2904 ΜΑΡΤΤΡΕΣ.

139 3009 170 3061 19
258 3000 368 3094 Ἡμεῖς
392 3012 507 3076 τοίνυν
531 3008 635 3076 ταῦτα
661 3005 826 3088 παθόντες
848 3001 914 3076 ὑπὸ
932 3004 1142 3098 Λεωχάρους,
1233 3021 1234 3049 ¹

187 3107 242 3174 καὶ
261 3103 476 3196 ἐγγενόμενον
487 3103 566 3198 ήμῖν
583 3103 685 3176 αάτδν
697 3104 809 3195 ἐπειδή
828 3112 957 3196 εἵλομεν
974 3110 1041 3177 των
1059 3123 1144 3188 ψευ-

188 3209 415 3297 δομαρτυριῶν
431 3201 602 3297 άτιμοῐσαι,
620 3201 682 3277 οάκ
700 3205 939 3296 ἐβουλήθημεν,
957 3203 1030 3277 ἀλλ’
1051 3206 1144 3300 έξήρ-
1232 3203 1233 3270 λ

186 3326 265 3374 κεσε
281 3303 320 3376 τά
337 3302 478 3397 ήμέτερα
494 3303 574 3397 ήμῖν
591 3310 820 3400 κομισαμένοις
832 3303 1048 3396 ἀπηλλάχθαι.
1076 3335 1146 3378 τοι*
1231 3335 1232 3344 ³

186 3407 277 3476 οὗτοι
305 3407 342 3476 δὲ
366 3405 538 3497 γενόμενοι
556 3410 632 3497 περὶ
649 3406 829 3498 Λεωχάρην
846 3411 900 3478 καί
917 3410 1148 3498 Δικαιογένην
1229 3351 1232 3502 Ι
