2490 3914
90 169 117 219 p.
136 151 178 204 90.
308 151 399 202 nm
416 147 493 201 νου
510 148 648 236 maor
664 149 828 201 Κλωνου.
982 155 1043 218 149

91 335 172 393 σθαι
188 323 265 414 περὶ
276 319 353 404 τούς
365 323 611 413 Στρατοκλέους
628 325 757 400 παῖδας.
789 315 850 390 ούκ
867 317 958 404 ἄξιον
975 300 1074 410 τοτςλ

90 421 209 494 τούτου
226 421 335 512 λόγοις
351 417 531 510 πιστεύειν,
549 417 586 502 ὃς
602 417 761 509 τοσαύτης
778 415 893 502 ούσίας
911 432 1045 514 κατᾳλε·

90 526 265 613 λειμμένης
297 520 473 612 ἐτόλμησεν
505 523 558 594 ἐπὶ
590 525 730 610 διαβολή
754 519 945 604 ψεύσασθαι
970 517 1042 594 κατ’

91 626 171 712 ἐμοῦ
186 625 364 713 τηλικαύτα
379 621 423 694 τό
432 624 581 713 μέγεθος.
610 628 851 710 καταλογίζεται
867 629 982 697 τοίνυν
1000 619 1044 706 ύς

90 721 153 813 ἐγω
179 737 266 816 τρελς
297 722 438 815 κλήρους
464 719 608 812 είληφιός
633 724 688 792 καλ
714 725 844 793 πολλῶν
870 722 1044 813 χρημάτων

90 821 246 950 εύπορσόν
259 819 406 915 ύφανίξω
423 822 485 914 τήν
501 820 636 912 ούσίαν,
654 817 700 892 ἵν’
720 818 764 904 σός
782 820 930 912 ἐλύχισθ’
949 819 1044 914 ὑμεῖς

89 922 200 996 αύτεόν
226 921 421 1014 ἆπολαύητε.
465 939 533 1006 τοῖς
555 921 621 1015 γὰρ
647 924 751 1046 μηδὲν
778 930 908 994 δίκαιον
934 931 1044 1014 έχουσι

7 1109 9 1112 ¹
88 1028 229 1117 περλ
181 1055 249 1097 των
266 1025 469 1148 πραγμάτων
487 1020 637 1113 λέγειν’
618 1045 754 1112 αναγκη
766 1031 958 1116 πορίζεσθαι
980 1054 1044 1097 τοι·

87 1125 207 1208 ούτους
224 1125 359 1216 λόγους,
385 1115 469 1210 ἐξ
441 1155 489 1196 ων
508 1123 740 1212 διαβάλλοντες
763 1127 968 1216 πλέονέχειν
987 1132 1044 1196 δυ-

86 1224 245 1349 νήσομται
261 1231 328 1298 ταῖν
345 1224 532 1298 ἀντιδίκων.
556 1228 646 1316 ἐμοὶ
653 1223 751 1294 δέ’
706 1229 868 1317 μαρτυρές
880 1225 1009 1297 ἐστι’
963 1254 1044 1298 παν
1061 1253 1096 1307 48

88 1355 143 1411 τες
167 1324 218 1398 ότι
243 1334 277 1399 οέ
299 1332 356 1416 τής
384 1331 460 1417 έμής
486 1324 642 1415 γυναικός
663 1322 815 1415 ἀδελφοί,
863 1330 1045 1449 Χαιρέλεως

88 1431 145 1498 καλ
162 1427 395 1520 Μακάρτατος,
419 1425 460 1498 ού
476 1430 544 1498 τοῖν
560 1425 842 1516 λειτουργούντων
859 1417 947 1515 ήσαν
963 1425 1046 1499 ἄλλα
1141 1483 1145 1491 .

63 1582 68 1592 .
87 1533 157 1599 τῶν
173 1537 332 1620 βραχεῖαν
348 1531 555 1651 κεκτημένων
575 1514 656 1600 λιύσί
641 1533 703 1598 ίαν.
738 1525 960 1652 Μαμαρτατομ
982 1525 1045 1619 γαρ

88 1626 194 1699 ίστε“
174 1659 226 1700 οτι
242 1659 278 1700 το
267 1628 417 1721 χωρίον
429 1625 639 1718 ἀποδόμενος
660 1630 715 1697 καλ
732 1627 849 1719 τριήρη
867 1627 1044 1720 πριάμενος

87 1733 144 1800 καὶ
170 1729 293 1819 ταύτην
318 1727 573 1821 πληρωσάμενος
604 1736 651 1809 είς
675 1727 811 1819 Κρήτην
837 1732 1043 1812 ἐξέπλευσεν

86 1827 129 1901 06
146 1828 263 1921 γὰρτὸ
282 1838 379 1922 ἔργον
396 1827 521 1920 ἀφανές
545 1832 690 1918 ἐγένετο,Ι
715 1825 798 1900 ἄλλα
815 1832 870 1899 καλ
887 1829 986 1918 λόγον
1010 1834 1046 1900 ἐν

86 1934 136 2025 τῷ
162 1929 253 2026 δήμω
279 1934 436 2023 παρέσχε,
468 1928 512 2020 μή
538 1927 680 2020 πόλεμον
706 1925 786 2018 ἡμῖν
811 1925 884 2000 ἄντ’
913 1928 1046 2021 εἰρήνης

89 2036 214 2112 ἐκεῖνος
240 2029 321 2123 πρός
353 2037 635 2120 Λακεδαιμονίους
661 2028 816 2118 ποιήσειε.
860 2034 1046 2121 Χαιρέλεως
1062 2062 1097 2117 49

90 2134 129 2203 δέ
145 2131 181 2203 τό
198 2141 412 2223 Προσπαλτοῑ
426 2138 548 2222 χωρίον
565 2134 754 2220 κατέλιπεν,
773 2127 792 2200 6
808 2134 909 2202 πλέον
925 2127 987 2201 ούκ
1004 2126 1046 2200 66

89 2230 182 2324 εύροι
198 2231 374 2324 τριάκοντα
391 2235 492 2321 μυεῖν.
528 2235 654 2320 συνέβη
669 2233 706 2301 δὲ
722 2229 780 2302 τόν
797 2232 859 2320 μέν
869 2236 973 2302 ταυτα
990 2260 1046 2302 κα·

87 2331 267 2404 ταλιπόντα
283 2337 475 2424 τελευτῆσαι
492 2330 652 2424 πρότερον
669 2327 689 2419 ἢ
706 2330 946 2424 Μακάρτατον,
965 2336 1047 2403 ἐκεῖ·

87 2463 150 2506 νον
169 2435 206 2504 δέ
222 2433 303 2524 μετὰ
320 2431 440 2521 ταύτης
457 2436 515 2520 τής
532 2429 658 2522 ούσίας,
676 2428 719 2520 ἣν
736 2439 821 2523 ἔχων
840 2435 1046 2526 ἐξέπλευσεν·

88 2533 218 2606 ἅπαντα
234 2533 298 2626 γὰρ
315 2537 370 2604 καὶ
387 2531 450 2623 τήν
465 2531 582 2624 τριήρη
592 2535 648 2603 καλ
666 2527 768 2603 α’ύτόν
785 2530 868 2603 κατὰ
883 2530 942 2603 τόν
953 2531 1048 2603 πόλε-

88 2665 153 2726 μον
178 2632 335 2706 ιἰποόλεσε.
380 2636 656 2723 καταλειφθέντος
684 2633 721 2702 δέ
751 2637 813 2703 τού
836 2643 1051 2724 Προσπαλτολ

88 2743 213 2826 χωρίου
239 2738 294 2806 καὶ
319 2739 516 2825 γιγνομένου
542 2736 598 2822 τής
617 2737 754 2804 ἐκείνων
779 2730 942 2823 ἀδελφῆς,
971 2737 1060 2823 ἐμής

7 2833 9 2840 ’
91 2837 130 2906 δέ
146 2834 318 2925 γυναικός,
347 2840 507 2924 ἐπείσθην
529 2830 590 2905 ὑπ’
618 2837 746 2922 ἐκείνης
772 2837 956 2924 είσποιήσαι
974 2845 1048 2904 Μα-

89 2934 240 3068 καρτότφ
268 2934 341 3008 τόν.
349 2941 461 3027 ἕτερον
483 2939 551 3007 τῶν
574 2937 718 3006 παίδων·
744 2931 805 3058 ούχ
835 2932 961 3024 ἵναμή
985 2944 1063 3004 26--

89 3045 315 3160 τουργμίην,ε
300 3033 558 3128 είπροσγένοιτό
575 3065 629 3125 μοι
641 3063 738 3107 τουτο
747 3064 784 3105 το
773 3033 932 3126 χωρίον.
960 3031 1049 3124 ὁμοί·
1065 3062 1100 3118 ηρ

92 3167 136 3219 ως
161 3136 225 3229 γὰρ
251 3139 306 3206 καλ
334 3136 580 3225 είσποιήσαντος
605 3134 701 3208 τοῦτό
726 3132 760 3224 γ’
778 3133 940 3228 ὑπῆρχεν
968 3132 1048 3205 ούιλε

90 3237 154 3329 γὰρ
181 3235 411 3328 ἐλειτούργουν
437 3236 492 3307 διὰ
515 3266 613 3309 τουτο
637 3266 661 3326 γ
679 3264 798 3359 ηττμν
822 3234 939 3325 ούιλέν,
965 3233 1048 3306 ἀλλὰ

91 3343 210 3409 καλ
164 3368 231 3410 των
249 3336 472 3430 εἰσφερόντων
496 3329 540 3426 ήν
565 3340 621 3460 μαλ
644 3365 712 3408 των
728 3335 768 3406 τὰ
784 3334 1048 3461 προσταττόμενα

91 3436 173 3530 ύμῖν
190 3436 321 3512 ἅπαντα
337 3437 532 3511 ποιούντων.
560 3467 577 3508 ο
565 3433 675 3508 δέ
652 3466 695 3520 ως
713 3434 824 3531 περλ’
805 3436 969 3531 αχρήστου
986 3437 1048 3527 μέν
