2490 3914
223 203 281 265 100
624 200 751 252 ιειιοε
1076 197 1127 248 οι.
1145 197 1171 247 ι.

219 377 289 465 γώυ
307 366 525 466 ἐνίκησεν,
498 405 545 447 ων
561 390 705 466 μνημεῖα
726 377 784 464 της
802 377 931 444 ἐκείνου
952 341 1170 460 φιλοτιμίας’
1152 399 1172 440 ο

219 484 357 567 τρίπους
384 479 554 557 ἐκεῖνος”
534 497 656 564 εστηκε.
701 483 807 546 καίτοι
832 481 867 544 τί
887 469 948 563 χρὴ
964 469 1023 543 τόν
1040 475 1171 563 μέτριον

219 585 372 668 πολίτην;
395 574 457 667 ούχ
478 605 518 647 ον
510 566 638 666 εΗμὲν
617 604 728 678 ετεροι
742 573 782 646 τά
799 573 843 666 μὴ
861 569 1059 696 προσήκοντ’
1085 571 1171 660 ἐβιά-

170 761 173 770 ·
218 689 311 764 ζοντο
332 677 529 768 λαμβάνειν,
553 675 681 748 τούτων
682 665 809 802 μηδὲν
831 690 956 763 ποιεῖν,
978 669 1075 744 τάδ’
1095 675 1170 796 δαη-

217 783 280 852 τού
300 783 476 871 πειρᾶσθαι
498 775 629 865 σώζειυ;
654 768 749 847 οὔδ’
772 772 904 866 ἡπόλις
928 781 1032 844 δεῖται
1050 773 1170 865 χρημά-

218 908 300 970 των,
320 883 356 951 ἐν
373 877 512 970 πρώτοις
531 881 698 970 εἰσφέρειν
714 880 769 948 καὶ
786 879 891 968 μηδὲν
901 872 1170 998 ἀποκρύπτεσθαι

166 1002 199 1052 41
217 984 285 1088 τών
301 978 423 1067 όντωυ;
442 983 565 1060 ἐκεῖνος
582 986 697 1050 τοίνυν
709 965 939 1103 μοιούτοςὴμ·
956 971 1038 1046 ἄνθ’
1057 965 1105 1046 ών
1123 983 1170 1046 δι·

112 1083 116 1096 *
218 1074 365 1162 καίως’“
344 1110 386 1151 αν
412 1075 503 1172 αύτφ
532 1077 670 1198 ταύτην.
680 1077 741 1167 τὴν
766 1077 863 1170 χάριν
885 1074 1078 1166 άποδοίηιε,
1109 1075 1170 1165 τὴν

219 1183 348 1252 ’ἐκείνου
369 1179 504 1304 γνώμηγ
526 1182 601 1272 περὶ
622 1184 690 1250 τών
713 1174 815 1251 αύτον
803 1183 960 1302 ’κυρίαν
976 1179 1061 1249 εἶναι
1077 1178 1169 1302 6666-

169 1289 344 1362 ’σαντες
379 1279 492 1351 καὶ
451 1311 516 1371 μην
527 1284 582 1352 καὶ
602 1283 660 1371 ἐμέ
672 1308 729 1371 γε,
746 1277 808 1351 ὅσα
825 1276 907 1350 κατά
923 1277 985 1368 τὴν
1003 1278 1084 1370 ἐμὴν
1101 1277 1168 1368 ἡλι-

217 1388 310 1472 κίαν,
335 1376 489 1472 εὑρήσετε
512 1379 552 1452 ού
570 1380 673 1452 κακόν
695 1378 813 1452 0666*
792 1402 962 1470 αχρηστον.
1000 1378 1168 1471 ἐστράτευ-

215 1512 273 1572 μαι
290 1479 348 1563 τάς
365 1490 533 1573 στρατείας
544 1511 584 1572 τη
572 1480 712 1572 πόλει,
730 1479 770 1551 τά
787 1480 1052 1571 προσταττόμενα
1068 1485 1166 1551 ποιώ·

164 1602 199 1652 42
215 1585 311 1652 τούτο
334 1580 397 1673 γάρ
419 1587 486 1652 τών
484 1581 705 1752 τηλικούτων
728 1589 915 1671 ἕργουί
843 1586 920 1651 ἐστί.
957 1584 1012 1652 καὶ
1031 1585 1167 1653 ἐκείνων

215 1672 278 1753 ούν
296 1685 392 1754 ἕνεκα
403 1677 493 1752 καὶ
475 1686 568 1771 ημών
586 1681 717 1763 εἰκότως
729 1677 771 1752 άν
788 1679 1165 1806 ποιὴσαισθεπρόνοιαη,

216 1779 322 1864 ἄλλως
343 1811 380 1853 τε
403 1786 458 1853 καὶ
481 1780 608 1853 τούτων
629 1784 889 1874 τριηραρχοῦντα
905 1782 999 1853 οἶκον
1015 1782 1167 1853 πεντετά-

215 1879 377 1953 λαντον’
358 1880 571 1974 ονηρηκότωυ
594 1885 649 1952 καὶ
666 1877 881 1974 πεπρακότοιυ
898 1886 953 1952 καὶ
973 1889 1094 1974 ἔρημον
1111 1911 1165 1953 πε·

213 1979 413 2072 ποιηκότων,
439 1978 533 2073 ἡμιόυ
560 1984 598 2052 66
623 1985 678 2052 καὶ
695 1982 1012 2074 λελειτουργηκότωυ
1029 1981 1093 2071 ἤδη
1111 1986 1166 2054 καὶ

213 2081 529 2175 λειτουργησόντων,
553 2078 595 2153 άν
612 2079 707 2172 ύμεῑς
726 2083 950 2175 ἐπικυρώσητε
972 2081 1033 2171 τὴν
1053 2081 1166 2155 Ἀπολ-

213 2181 363 2274 λοδώρου
380 2183 515 2272 γνώμην
532 2177 713 2264 ἀποδόντες
730 2178 809 2274 ἡμῖν
822 2187 940 2254 τούτου
956 2181 1015 2255 τόν
1032 2189 1164 2308 κλῆρον.

60 2325 66 2336 ·
162 2304 196 2356 43
278 2278 350 2404 Ἵυμ
374 2281 469 2352 66
428 2311 471 2372 μη
495 2285 586 2354 δοκοῖ
600 2289 784 2408 διατρίβειν
800 2288 876 2378 περὶ
892 2289 996 2356 ταῦτα
1013 2285 1167 2376 ποιούμε-

212 2411 280 2503 νος
285 2381 362 2464 τούς
388 2381 520 2472 λόγους,
547 2381 706 2474 βούλομαι
733 2383 788 2456 διά
811 2381 1002 2509 6666666‘
982 2389 1069 2505 νμάς
1085 2381 1167 2456 ύπο·

212 2481 339 2571 μνὴσας
363 2480 449 2554 οὕτω
476 2490 706 2574 καταβαίνειν,
728 2485 936 2607 τίέκάτερος
957 2481 1052 2576 ἡμῶν
1068 2482 1166 2575 άξιοῑ,
1224 2549 1225 2573 ,

213 2583 372 2671 δηλώσας.
409 2582 472 2672 ἐγώ
490 2585 551 2673 μὲν
568 2581 714 2708 ’άδελφηῖς
730 2581 831 2673 ούσης
847 2591 905 2675 τῆς
918 2590 994 2676 ἐμῆς
1018 2587 1022 2674 6
1045 2585 1167 2710 μητρός

210 2679 460 2808 Ἀπολλοδώρῳ,
497 2691 610 2773 φιλίας
646 2681 758 2766 αύτοῐς
788 2691 910 2774 πολλῆς
940 2681 1165 2776 ὑπαρχούσης,
1223 2729 1224 2783 ,

214 2789 334 2904 ἔχθρας
359 2780 392 2852 δ’
416 2779 572 2873 ούδεμιάς
595 2783 727 2854 πώποτε
743 2787 938 2876 γενομένης,
962 2782 1166 2907 ἀδελφιδοῦς
1222 2871 1223 2878 χ

213 2875 261 2951 ών
278 2885 334 2952 καὶ
345 2887 549 2973 ποιηθεὶς
510 2915 532 2954 υ
546 2881 582 2965 ός
598 2880 646 2954 ύπ
649 2881 805 2957 ἐκεινου
817 2891 935 2971 ζωντος
953 2878 1067 2957 καὶ
1027 2914 1066 2956 ευ
1084 2915 1165 2976 φρο

211 2981 389 3111 νούντος,
383 2987 438 3054 καὶ
456 2992 503 3065 είς
520 2981 596 3065 τούς
614 2983 773 3074 γεννήτας
791 2991 846 3058 καὶ
863 2986 1029 3078 φράτορας
1049 2992 1165 3078 ἐγγρα-

211 3090 303 3172 φείς,
322 3090 409 3173 ἔχειν
424 3113 465 3155 τα
454 3081 642 3174 δοθέντα,
661 3087 717 3155 καὶ
733 3114 777 3176 μη
767 3084 881 3158 εἶναι
899 3091 953 3158 ἐπὶ
969 3087 1099 3169 τούτοις
1119 3093 1166 3171 ἐξ·

212 3186 376 3272 ερημώσαι
399 3182 458 3255 τόν
480 3182 627 3253 οἶκον
594 3213 652 3255 του
675 3189 819 3257 ἐκείνου
865 3187 1047 3308 Προνάπης
1072 3190 1111 3259 66
1135 3197 1221 3260 τί

159 3299 193 3350 44
208 3277 274 3352 6566
274 3311 294 3371 ρ
310 3286 367 3371 τῆς
378 3278 658 3374 άμφισβητούδηςς
677 3292 762 3374 ἔχειν
778 3288 839 3377 μὲν
856 3293 917 3359 τού
932 3293 989 3412 τοῖς
1006 3287 1168 3379 γυναικός

209 3378 357 3470 άδελφού
381 3381 478 3473 τιμὴν
503 3387 564 3454 τού
588 3380 783 3476 ἡμικληρίου
815 3386 916 3460 πένθ’
948 3386 1167 3480 ἡμιτάλαντα,

209 3489 325 3569 λαβεῖν
353 3483 390 3553 66
415 3486 470 3554 καὶ
494 3484 593 3555 τόνδε
617 3483 675 3556 τόν
701 3491 822 3577 κληρον
845 3492 967 3581 ἑτέρων
983 3507 1055 3572 ταῖς
1072 3487 1169 3580 άγχί·
