2502 3930
110 165 163 217 On.
185 166 206 216 1.
282 166 372 216 ΠΕΡΙ
388 165 465 216 ΤΟΤ
482 165 719 217 ΚΛΕΩΝΤΜΟΤ
736 165 902 217 ΚΔΗΡΟΤ.
1034 175 1072 233 15

106 302 242 408 δίκασαν
264 337 441 426 βεβαιώσει
464 337 526 427 τήν
543 334 678 424 ούσίαν;
703 341 758 408 καὶ
776 337 914 419 τούτους
931 341 992 429 μὲν
1009 343 1075 411 νύν

108 441 186 528 περὶ
204 447 356 520 πλείονος
374 451 544 510 ποιεῖσθαι
560 437 681 527 ταύτης
698 434 847 528 ὑπούσης
863 443 921 528 τῆς
939 447 1071 532 ἔχθρας,

108 535 193 628 ἡμᾶς
217 541 255 609 δέ
277 539 437 629 τοσαύτης
460 538 657 629 οἰκειότητος
680 543 735 610 καὶ
758 548 871 630 φιλίας
894 544 1073 631 γενομένης

109 643 290 730 πειρᾶσθαι
312 645 437 730 μᾶλλον
454 645 562 722 κακοῖς
580 658 705 727 ποιεῑν;
722 635 811 712 Ἀλλ’
829 648 949 730 ἔγωγε,
969 649 1000 712 εί
1016 672 1072 714 κα·
1091 667 1123 719 34
1240 695 1241 702 1

107 758 262 834 τηγορείυ
287 741 463 829 ἐβούλοντο
486 745 554 814 τοῖν
573 745 746 831 διαθηκῶν
769 737 868 832 ήτού
884 752 1071 833 τετελευτη-

108 841 219 939 κότος,
244 839 307 917 ούκ
324 839 390 913 οἶδ’
408 841 428 913 ὅ
444 872 476 914 τι
499 838 542 914 δν
559 841 638 914 ἄλλο
655 840 737 936 πρδς
752 839 838 933 ύμιῖς
857 843 967 934 εἶπον,
985 851 1020 914 οἵ
1034 874 1072 934 γε

108 940 166 1024 τὰς
185 943 348 1032 διαθήκας
371 944 433 1034 μέν
450 942 697 1035 ἀποφαίνουσιν
713 941 785 1014 οὔτ’
803 942 915 1036 ὀρθῶς
935 945 1072 1035 ἐχούσας

107 1041 181 1114 οὔτ’
210 1041 415 1135 ἄρεσκούσας
433 1050 491 1139 ,τῷ
518 1049 723 1140 διαθεμένφ,
752 1049 813 1116 τού
842 1047 879 1116 δέ
906 1045 1072 1136 τοσαύτην

107 1153 232 1234 μανίαν
250 1149 505 1238 κατηγοροῦσιν,
529 1143 615 1217 ὥστε
639 1150 744 1236 φασίν
767 1143 870 1218 αύτόν
886 1150 963 1239 περὶ
981 1156 1071 1218 πλεί-

107 1273 184 1327 ονος
206 1259 374 1318 ποιεῖσθαι
397 1247 474 1329 τούς
498 1243 590 1342 αύτῷ
611 1249 869 1339 διαφερομένους
886 1243 907 1335 ή
923 1247 1002 1330 τούς
1024 1256 1070 1320 οί-

107 1355 205 1429 κείως
232 1353 437 1439 χρωμένους,
469 1351 524 1420 καὶ
552 1345 602 1430 οἷς
630 1350 692 1439 μὲν
714 1353 779 1435 ξύν
801 1345 882 1419 οὐδὲ
899 1353 1070 1440 Ιδιελέγετο

106 1445 240 1519 ἅπασαν
265 1454 382 1521 δοῦναι
404 1448 466 1539 τήν
488 1447 624 1536 οὐσίαν,
653 1448 730 1531 τούς
755 1446 786 1520 δ’
810 1449 995 1521 οἰκειότατα
1017 1479 1070 1522 κε-

106 1552 289 1640 χρημένους
307 1547 388 1621 ούδδ
404 1555 588 1622 πολλοστού
603 1555 723 1643 μέρους
741 1548 884 1636 ἀξιῶσαι,
921 1549 1005 1622 ὥστε
1021 1560 1071 1634 τίς
1088 1571 1121 1623 35

106 1645 149 1720 διν
171 1646 267 1740 ύμοῐν
295 1651 418 1734 ταύτας
444 1653 529 1724 εἶναι
557 1660 675 1743 κυρίας
698 1650 755 1734 τὰς
781 1651 944 1741 διαθήκας
967 1662 1069 1742 ψηφί-

106 1773 216 1841 σαιτο,
241 1748 279 1834 δὶς
301 1748 399 1843 ὁμὲν
424 1756 620 1843 διαθέμενος
643 1749 687 1835 ὥς
715 1749 777 1825 ούκ
798 1750 910 1844 ὀρθῶς
933 1753 1070 1844 ἐχούσας

105 1849 367 1944 ἀπεδοκίμασεν,
386 1845 478 1925 ούτοι
492 1852 525 1925 δ’
545 1861 630 1948 έργςο
648 1853 788 1926 λύουσιν
802 1857 973 1936 ἐθέλοντες
989 1851 1070 1944 ἡμῖν

106 1957 314 2045 ίσομοιρήσαι
332 1959 389 2046 τής
413 1953 545 2046 ούσίας,
570 1954 651 2046 πρδς
670 1957 708 2026 δέ
724 1953 851 2036 τούτοις
869 1951 965 2045 ἡμεῖς
986 1951 1068 2046 ύμῖν

105 2051 338 2146 ιἰποφαίνομεν
361 2061 512 2139 ἐναντίας
535 2055 636 2138 ούσας
659 2060 715 2127 καὶ
738 2059 786 2150 τῷ
807 2055 898 2150 νύμφ
921 2059 1068 2139 καὶτοῖς

106 2161 246 2238 δικαίοις
264 2161 321 2228 καὶ
338 2162 381 2249 πή
396 2163 458 2230 τού
473 2157 739 2247 τελετευνηκύτος
758 2164 907 2252 διανοίας

184 2257 284 2347 Οἶμαι
307 2255 340 2329 δ’
363 2255 448 2349 ύμοῖς
470 2259 507 2331 τδ
529 2262 605 2350 περὶ
623 2256 718 2350 ήμῶν
742 2265 872 2331 δίκαιον
889 2256 1067 2350 σαφέστατ’
1086 2277 1130 2345 36,

104 2353 148 2428 ἂν
166 2356 245 2450 παρ’
264 2356 376 2431 αύτοῖν
386 2359 517 2432 τούτων
534 2359 779 2432 πυνθάνεσθαι.
817 2368 847 2432 εί
862 2359 926 2450 γάρ
942 2389 992 2442 τις
1009 2356 1067 2430 αύ-

103 2456 182 2541 τούς
208 2467 314 2552 ἕροιτο
338 2459 394 2532 διδ
411 2470 447 2533 τί
460 2458 588 2546 ἀξιοῦσι
610 2460 808 2553 κληρονόμοι
825 2465 983 2550 γενέσθαι
1000 2464 1068 2532 τῶν

103 2560 329 2653 Κλεωνύμου,
359 2559 451 2633 τοῦτ’
480 2557 523 2634 ἂν
547 2569 656 2633 εἰπεῖν
680 2569 803 2652 ἔχοιεν,
827 2557 878 2634 ὅτι
900 2565 956 2632 καὶ
978 2564 1068 2650 γένει

103 2662 212 2732 ποθὲν
240 2655 450 2753 προσήκουσι
472 2666 528 2734 καὶ
557 2667 683 2744 ἐκεῖνος
713 2659 826 2744 αύτοίς
849 2661 970 2753 χρόνον
993 2659 1067 2733 τιυᾶ

103 2766 299 2850 ἐπιτηδείως
324 2767 472 2835 διέκειτο.
508 2760 571 2834 ούκ
587 2759 630 2836 οἲν
647 2761 712 2855 ἄρα
728 2759 814 2854 ὑπὲρ
831 2758 926 2854 ήμιόν
941 2767 1068 2854 μᾶλλον

101 2858 228 2954 ήύπέρ
251 2869 347 2954 σφῶν
375 2863 488 2937 αύτοῖν
510 2865 580 2937 εἷεν
603 2865 783 2956 είρηκότες;
807 2875 841 2934 εί
863 2892 900 2935 τε
923 2861 987 2955 γὰρ
1012 2862 1067 2934 διδ
1084 2875 1117 2928 37

101 2961 165 3054 τήν
186 2969 248 3036 τού
269 2969 386 3054 γένους
408 2963 598 3058 ἀγχιστείαν
622 2974 677 3037 δει·
695 2969 854 3055 γενέσθαι
875 2963 967 3047 τινὰς
990 2975 1066 3054 κλη

102 3064 283 3157 ρονόμους,
314 3063 407 3158 ἡμεῖς
431 3072 595 3160 ἐγγυτέρω
618 3071 706 3156 γένει
729 3065 952 3158 προσήκομεν·
977 3077 1011 3136 εί
1029 3095 1065 3138 τε

105 3164 162 3238 διδ
172 3165 235 3257 τήν
252 3177 368 3258 φιλίαν
385 3166 447 3259 τήν
463 3166 694 3261 ὑπάρχουσαν,
714 3180 825 3239 ίσασιν
842 3164 945 3238 αύτδυ
961 3163 1065 3238 ἅπαν·

101 3297 157 3350 τες
174 3264 255 3359 ήμίν
272 3268 471 3361 οἰκειότερον
490 3277 708 3360 διακείμενον.
746 3265 826 3339 ὥστ’
845 3264 887 3339 ού
904 3266 966 3360 χρή
984 3265 1064 3365 παρ’

101 3365 215 3459 ἡμῶν,
238 3366 322 3441 ἀλλὰ
347 3370 424 3462 [καὶ]
450 3368 531 3462 παρ’
551 3367 662 3441 αὐτῶν
684 3368 812 3441 τούτων
830 3367 1066 3440 πυνθάνεσθαι

101 3467 141 3541 τδ
168 3476 305 3543 δίκαιον.
348 3470 504 3544 Πάντων
517 3469 550 3542 δ’
575 3466 618 3542 ἂν
642 3481 693 3560 εἴη
719 3468 927 3558 δεινότατον,
952 3476 983 3539 εί
997 3484 1066 3549 τοῖς
1083 3479 1117 3532 ³8
