2490 3914
64 154 98 209 p.¹
115 137 158 192 752
244 133 432 196 ΠΕΡΙΤΟΤ
448 131 671 186 ΔΣΤΤΦΙΛΟΤ
687 131 853 187 ΚΛΗΡΟΤ.
973 141 1035 202 117

448 369 656 421 ΜΑΡΤΤΡΕΣ,

138 508 210 583 Ὅτι
233 511 296 601 μὲν
320 505 383 580 οὐκ
401 515 509 589 ἔθαψε
526 510 645 579 Κλέων
659 505 874 598 Ἀστύφιλον,
897 505 974 580 οὐδ’
993 505 1036 580 ἂν
1052 527 1069 578 5

71 609 170 693 αὐτὸς
190 615 324 703 ἔξαρνος
342 611 469 698 γένοιτο
487 608 738 702 μεμαρτύρηταί
751 636 788 679 τε
803 604 901 698 ὑμῖν·
921 608 1035 700 ἐπειδὴ
1135 641 1138 654 ⁴

71 710 106 782 δ’
127 711 318 803 ἐπεδήμησα
342 708 406 800 ἐμοὶ
429 712 485 781 καλ
508 704 663 800 ᾐσθόμην
686 712 936 801 καρπουμελιους
960 709 1036 782 του’-

69 842 149 895 τους
166 811 206 885 v&
220 816 367 901 ἐκείνου,
384 807 402 881 6
422 812 459 881 δὲ
475 809 547 891 υίδς
560 807 666 881 αὐτοῦ
674 818 832 900 ποιηθείη
842 806 909 882 ὑπὸ
924 807 1036 882 'Am-¹

71 922 187 1004 φίλον,
206 915 262 984 καὶ
275 911 404 985 τούτων
418 910 582 1001 διαθήκας
593 918 767 983 καταλίποι
778 908 867 1034 παραὶ
881 907 1039 1004 Ιεροκλεῖ

66 1010 305 1106 Ἡφαιστιοίδη,
340 1009 484 1136 ἀκούσας
514 1009 577 1100 ἐγιδ
611 1013 764 1101 λέγοντος
799 1007 905 1083 αὐτοῦ
930 1040 1036 1086 ταντα

72 1112 280 1247 ἐπορευόμην
297 1111 386 1205 παρὰ
402 1110 461 1185 τὸν
474 1109 651 1205 Ἱεροκλέα,
671 1141 709 1182 εν
697 1103 788 1202 μὲν
807 1110 940 1195 είδως
920 1141 972 1184 οτι
989 1141 1034 1196 ας

70 1212 144 1288 οἷόν
161 1243 198 1286 τε
214 1213 355 1306 μάλιστα
372 1212 556 1302 ἐπιτήδειος
575 1225 626 1302 είη
643 1210 855 1303 Κλίωνι,’
815 1243 876 1303 ουχ
890 1209 1034 1338 ηηοδμε-
1052 1241 1069 1292 6

69 1346 128 1398 νος
148 1311 219 1386 δ
199 1345 242 1387 αν
259 1311 363 1386 αντδν
379 1317 543 1405 τολμησαί
562 1343 594 1384 τι
610 1313 802 1398 ψεύσασθαι
818 1343 901 1384 κατα
922 1311 1035 1386 Ἀστυ-

72 1415 461 1506 φίλουτετελευτηκότος,
480 1417 537 1485 καὶ
548 1417 653 1485 ταῦτα
662 1411 800 1485 ι”θεῖον
781 1443 862 1486 οντα
879 1418 934 1485 καὶ
955 1416 1037 1505 ἐμοῦ

71 1519 129 1587 καὶ
147 1520 217 1588 ἐκεί
202 1525 284 1588 ί.νου
314 1513 403 1606 ὅμως
420 1517 474 1604 δι’,
493 1544 519 1584 ω
507 1505 673 1607 ανδρες,
691 1512 794 1586 οὐδὲν
809 1513 937 1587 τουτων
953 1511 1035 1586 δπο·

50 1613 325 1707 λογισάμενος
309 1645 327 1688 ο
346 1613 522 1738 Ιεροκλης,
547 1611 793 1707 ἐριοπιίμενοςο
772 1643 821 1686 νπ
823 1612 976 1706 ’ἐμον’
956 1642 1035 1687 απε-

71 1717 209 1810 κρίνατό
231 1747 286 1808 μοι
309 1713 359 1788 ὅτι
384 1714 451 1806 ἕχόι
474 1744 532 1797 τας
556 1715 733 1804 διαθήκας·
763 1725 880 1805 λαβεῖν
910 1719 948 1787 δὲ
971 1723 1035 1806 ἔφη

72 1815 177 1899 αὐτας
194 1815 283 1910 παρὰ
297 1814 513 1906 Ἀστνφίλου,
537 1813 593 1897 ὅτε
617 1824 664 1898 είς
681 1815 882 1906 Μυτιλήνην
900 1824 1036 1907 ἔμελλεν

74 1925 202 2000 ἐκεῖνος
222 1923 364 1989 ἐκπλεῖν.
396 1914 452 1999 Ὡς
471 1917 509 1987 δὲ
525 1915 620 1988 ταῦτ’
640 1923 769 2008 ἔλεγεν,
788 1914 965 2006 ἀνάγνωθί
980 1946 1035 2006 μοι

70 2019 199 2108 ταύτην
215 2015 277 2107 τὴν
294 2027 488 2110 μαρτυρίαν.
660 2033 664 2056 ⁸

458 2183 654 2234 ΜΑΡΤΤΡΙΑ.

138 2320 271 2412 Ἐπειδὴ
293 2329 427 2412 τοίνυν,
451 2313 479 2392 ὦ
500 2320 639 2414 ἄνδρες,
669 2318 747 2391 οὔτε
768 2319 1069 2413 παραγενόμενοςτ

8 2433 9 2436 ’
72 2421 186 2506 οὐδεὶς
204 2431 299 2512 ἔτυχε
315 2449 383 2494 τιον
399 2419 598 2494 οἰκείανότε
614 2451 632 2492 ο
621 2418 793 2512 οἷδελφδς
812 2421 1034 2512 ἐτελεύτησεν,

72 2523 152 2595 οὔτε
177 2522 239 2612 ἐγιδ
264 2520 492 2648 ἐπεδημουν“
473 2551 528 2594 οτε
549 2551 590 2593 τα
611 2519 693 2593 ὀστᾶ
716 2518 822 2605 αυτοῦ
820 2526 1020 2645 δευροκο
929 2526 1035 2594 οέκο-

72 2632 196 2715 μίσθη,
219 2619 402 2714 ἀναγκαῖόν
424 2653 480 2714 μοι
473 2627 592 2722 ’ἐστιν
615 2626 647 2708 ἐξ
671 2651 782 2695 αυτων
805 2613 853 2693 οἶν
875 2651 967 2693 ουτοι
984 2625 1035 2694 λε’·

72 2746 193 2814 νουσιν
212 2727 355 2815 ἐλέγχειν
371 2722 508 2809 ψευδεῖς
519 2717 621 2804 ουσας
632 2750 690 2804 τας
702 2719 895 2812 διαθήκας“
874 2752 912 2804 ας
926 2721 1035 2847 ἐποιη-

73 2847 185 2896 σαντο.
229 2823 313 2906 είκός
335 2823 399 2917 γὰρ
425 2829 553 2898 ἐκεῖνον
573 2821 615 2894 οδ
637 2821 741 2914 μόνον
763 2828 942 2914 ἐπιθυμεῖν
959 2821 1035 2897 υίὸν
1075 2823 1090 2836 “

73 2923 300 3015 ποιησάμενον
322 2935 533 3015 καταλιπεῖν,
558 2922 641 2996 ἄλλα
657 2928 713 2996 καλ
731 2937 929 2998 σκοπεῖσθαι
946 2922 1035 3006 ὅπως

74 3025 264 3118 κυριώτατα
286 3022 420 3096 &mast
398 3056 420 3097 α
437 3054 479 3097 αν
498 3028 670 3115 διαθῆκαι,
693 3024 807 3096 καλ’
766 3055 828 3114 την
844 3053 881 3097 τε
902 3022 1034 3114 ουσίαν,

74 3124 115 3198 δν
131 3156 175 3198 αν
193 3130 318 3207 ἐκεῖνος
336 3125 576 3250 είσποιησηται,
600 3155 697 3208 ουτος
715 3130 792 3212 ἕξει.
812 3130 869 3198 καλ
886 3129 940 3197 ἐπι
958 3153 1035 3206 τους

75 3225 210 3318 βωμοὺς
226 3254 304 3307 τους
327 3225 499 3320 πατρώονς
522 3256 618 3308 ουτος
642 3233 822 3354 βαδιεῖται,
845 3229 902 3299 καλ
924 3236 1035 3296 τελευ-

75 3328 213 3417 τησαντι
230 3323 322 3420 αὕτη)
311 3329 481 3408 καὶτοῖς
500 3333 570 3399 ἐκεί
555 3338 630 3400 ίνον
651 3315 825 3420 προγδνοις
846 3357 887 3399 τα
908 3325 1035 3417 νομιζό-

75 3457 162 3521 μενα
185 3426 329 3518 ποιησει·
353 3454 483 3499 απαντα
506 3431 544 3500 δε
565 3458 670 3500 ταντα
691 3426 821 3520 μάλιστ’
845 3423 888 3500 ἂν
911 3431 1068 3500 είδέναιῦ
