2502 3930
119 164 146 212 p.
165 145 206 198 ιο.
285 145 375 196 ΠΕΡΙ
392 145 468 196 νου
482 145 722 198 ιικυιιανιιου
739 147 903 198 ΚΛΗΡον.
1062 153 1081 214 9

120 315 246 408 ὥσπερ,
272 309 456 410 ιάἀνδρες,
483 315 623 410 ἐχθροός
641 317 915 408 τιμωρησόμενοι,
940 323 995 389 καὶ
1019 317 1081 391 οόκ

119 417 321 508 ἀναγκαίους
350 423 405 490 καὶ
432 431 606 509 συγγενεῖς
635 424 743 500 κακοῖς
772 419 972 509 ποιήσοντες.
1020 421 1116 510 τήνς

118 522 181 610 μὲν
209 511 273 592 οὖν
299 519 429 592 τούτων
456 519 696 611 ἀναισχυντίαν
723 523 779 591 καί
807 519 869 610 τήν
892 527 1080 647 αἰσχροκέρ-

119 628 216 692 δειαν
239 629 285 694 ἐτι
307 626 434 712 μᾶλλον
454 623 642 712 γνώσεσθε,
667 620 803 693 ἐπειδὰν
825 621 959 694 πόντων
981 620 1079 696 ἀκού-

118 743 212 812 σητε
242 720 382 794 όθενδ’
411 724 501 814 οἶμαι
524 720 653 814 τάχιστ’
676 719 719 794 ἀν
741 719 827 814 ὑμᾶς
855 736 980 813 μαθεῖν
1002 729 1078 817 περὶ

119 815 169 896 55
185 821 477 915 ἀμφισβητοῦμεν,
497 829 657 897 ἐντεῦθεν
673 823 810 916 ἄρξομαι
829 824 1008 897 διδάσκειν

195 935 333 1007 Δεινίας
350 924 414 1016 γὰρ
431 922 449 998 5
468 931 529 998 τοῦ
545 924 666 1016 πατρός
678 923 821 1014 ἀδελφός
840 925 1080 1018 ἐπετρόπευσεν
1097 946 1115 998 9

118 1024 220 1117 ἡμεῖς,
244 1039 337 1110 θεῖος
360 1023 408 1098 ιδν
424 1025 594 1120 όρφανοός
611 1025 719 1110 όντας.
760 1027 952 1121 Κλεωνυμω
972 1025 1005 1098 δ
1023 1020 1078 1101 05

117 1158 189 1218 τος,
215 1157 240 1198 ω
230 1119 401 1219 ἄνδρες,
426 1124 635 1221 διάφορος”
608 1159 656 1201 ων
680 1137 804 1219 ἔτυχεν.
845 1125 1001 1254 ὁπότερος
1017 1133 1079 1220 μὲν

116 1222 181 1302 οὖν
204 1226 316 1301 αάτιδν
338 1220 381 1318 ήν
403 1235 461 1318 τῆς
485 1235 646 1322 διαφορᾶς
669 1241 789 1352 αίτιος,
814 1241 892 1312 ίσως
915 1229 978 1301 οὐκ
1001 1230 1079 1324 ἐμόν

118 1339 217 1420 ἔργον
235 1335 303 1401 ἐστὶ
321 1349 529 1424 κατηγορεῖν·
548 1330 635 1420 πλήν
652 1331 810 1403 τοσοῦτόν
826 1359 865 1420 γε
882 1326 924 1402 ἀν
943 1339 1079 1414 δικαίως

118 1430 230 1514 αὐτοῖς
260 1430 456 1522 ἀμφοτέροις
483 1443 692 1524 μεμψαίμην,
721 1430 771 1503 ότι
799 1436 854 1502 καὶ
883 1421 975 1522 φίλοι
997 1437 1078 1514 τέως

116 1533 210 1616 όντες
233 1537 289 1604 καὶ
311 1533 507 1625 προφάσεως
529 1532 685 1625 οὐδεμιᾶς
708 1537 888 1625 γενομένης
903 1539 948 1603 ’ἐκ
969 1533 1078 1622 λόγων

117 1640 219 1706 τινων
241 1631 346 1716 οὕτως
370 1640 444 1726 εἰκῇ
465 1634 547 1725 πρός
564 1633 726 1724 ἀλλήλους
751 1641 878 1725 ἔχθραν
894 1632 1074 1706 ἀνείλοντο.

116 1733 167 1806 ὅτι
192 1733 223 1806 δ’
248 1726 321 1806 οὖν·
334 1740 370 1805 ἐκ
393 1735 513 1825 ταύτης
537 1742 594 1827 τῆς
617 1735 717 1827 όργής
735 1735 935 1826 Κλεώνυμος
957 1736 1079 1817 ταυτας
1098 1760 1131 1810 10

117 1855 258 1908 ποιεῖται
275 1835 331 1918 τάς
350 1837 530 1928 διαθήκας,
549 1835 610 1929 οὐχ
626 1834 706 1928 ήμῖν
725 1841 890 1926 ἐγκαλεῖν,
916 1832 960 1918 ἀς
982 1834 1077 1907 565&-

117 1959 178 2026 ρον
202 1938 313 2027 ἐσώθη
338 1946 468 2028 ἔλεγεν,
491 1935 580 2030 ὅρων
604 1943 642 2011 δὲ
659 1935 742 2031 ήμάς
761 1941 1077 2030 ἐπιτροπευομένους

116 2035 185 2111 ὑπὸ
202 2049 357 2128 Δεινίου,
383 2044 439 2110 καὶ
463 2038 581 2121 δεδιιδς
603 2040 648 2131 μή
665 2040 891 2129 τελευτήσειεν
914 2037 1011 2120 αὐτὸς
1030 2047 1077 2109 ἐτι

117 2147 240 2222 παῖδας
267 2137 351 2230 ήμάς
380 2138 571 2213 καταλιπων
598 2146 654 2213 καί
683 2143 739 2230 τής
775 2138 890 2221 οόσίοις
918 2137 1077 2230 ἡμετέρας

116 2240 218 2364 οήσης
229 2246 357 2331 γε’νοιτο
368 2242 481 2362 κήριος
492 2252 646 2325 Δεινίας·
664 2239 775 2332 ήγεῖτο
792 2242 856 2376 γάρ
868 2241 981 2314 δεινόν
992 2243 1077 2312 εἶναι

117 2343 175 2414 τόν
193 2351 347 2433 ἔχθιστον
363 2349 431 2415 τῶν
453 2349 620 2416 οίκείων’
604 2354 780 2436 επίτροπον
797 2348 856 2415 καὶ
871 2342 988 2434 κόριον
1010 2347 1078 2414 τοῖν

118 2440 224 2514 αὑτοῦ
251 2455 461 2533 καταλιπεῖν,
493 2450 550 2517 καὶ
572 2464 681 2518 ποιεῖν
708 2441 800 2516 αὑτό
820 2443 860 2517 τά
882 2444 1078 2534 νομιζόμενα

117 2548 251 2635 τοῦτον,
277 2550 337 2627 ἕως
360 2542 454 2636 ἡμεῖς
476 2543 727 2639 ἡβήσαιμεν,ῳ
702 2517 814 2631 5535
837 2545 994 2636 διάφορος
1017 2535 1076 2633 ήν

118 2651 221 2716 ταῦτα
244 2651 435 2769 διανοηθείς
459 2651 599 2736 ἐκεῖνος,
625 2645 687 2717 εῖτ’
711 2645 822 2738 ὀρθοῖς
847 2659 912 2718 είτε
934 2646 995 2737 μή,
1020 2645 1077 2728 τάς
1096 2657 1126 2707 11

118 2746 282 2834 διαθήκας
300 2747 422 2828 ταύτας
440 2755 578 2820 διέθετο.
615 2752 671 2819 καὶ
689 2745 794 2830 εόθδς
813 2751 999 2840 ἐρωτῶντος
1017 2753 1078 2818 τοῦ

114 2856 257 2919 Δεινίου
279 2853 476 2940 παραχρῆμα
499 2861 532 2919 εί
556 2879 586 2920 τι
608 2845 688 2940 ήμῖν
710 2845 732 2938 5
753 2855 802 2943 τςδ
822 2854 922 2941 πατρὶ
947 2847 1079 2938 ἐγκαλεῖ

114 2953 164 3042 τῷ
181 2944 343 3043 ήμετέρω,
368 2947 567 3043 ἀπεκρίνατο
584 2950 719 3022 πάντων
736 2956 803 3023 των
821 2954 964 3023 πολιτῶν
983 2955 1076 3022 ἐναν-

114 3019 231 3121 τίον”
211 3079 261 3120 οτι
284 3047 365 3120 οόδέ
365 3081 386 3122 ν
409 3051 556 3142 πονηρόν
581 3049 756 3142 [ἐγκαλεῖ],
776 3058 831 3124 κοιλ
850 3053 1076 3146 ἐμαρτύρησεν

115 3147 161 3231 ιός
179 3147 387 3240 ὀργιζόμενος
406 3155 523 3224 ἐκείνω
546 3152 659 3223 καῖ’
619 3183 682 3226 ουκ
702 3152 816 3245 ὀρθοῖς
834 3155 1076 3246 βουλευόμενος

114 3256 220 3321 ταῦτα
244 3255 384 3322 διέθετο.
426 3258 495 3335 πως
518 3252 581 3344 γάρ
604 3251 647 3326 ἀν
665 3247 705 3326 εὖ
721 3263 874 3348 φρονεῖν,
900 3287 926 3328 ω
915 3249 1075 3382 ἀνδρες,

114 3357 225 3475 κακηῐς
241 3369 362 3423 ποιεῖν’
366 3348 449 3444 ἡμᾶς
467 3354 650 3477 ἐβουλήθη,
669 3356 746 3438 τούς
763 3359 847 3449 μηδὲ
848 3389 868 3429 ν
885 3356 988 3429 αὐτόν
1004 3355 1074 3446 η’δι

114 3452 271 3542 κηκότας;
288 3451 428 3545 ὕστερον
446 3458 484 3524 δὲ
500 3455 646 3548 τούτων,
665 3488 682 3530 ο
668 3456 888 3550 Ἡμέγιστον
869 3478 951 3550 ημῖν
961 3487 1077 3552 τεκμη-
1095 3476 1128 3526 12
