2490 3914
230 188 289 254 146
644 181 773 232 ωωον
1072 183 1128 233 οι.
1149 181 1196 232 11.

226 357 283 426 καλ
307 354 385 436 τούς
409 353 532 444 νόμους
557 350 716 443 παράγων
740 353 796 422 καὶ
812 347 908 441 όμοῐν
925 355 979 422 καὶ
1000 357 1080 442 ἐμοῦ
1097 351 1196 443 παρὰ

226 454 263 527 τό
282 463 411 526 δίκαιον
428 457 660 546 περιγενέσθαι
678 453 851 542 ζητωυ,οῖ
818 483 908 542 ομαι
925 451 971 543 μοὶ
987 451 1065 535 τούς
1082 453 1194 536 θεοὺς

226 552 342 628 ουδ’
322 557 408 646 υμοῖς
424 553 559 645 αγνοεῖν
575 551 649 623 ἀλλ’
667 548 787 642 ὁμοίως
806 558 930 624 εἰδέναι
947 580 1083 644 ταυτας,
1104 552 1191 625 ωστ’

175 677 209 731 37
226 654 288 727 οὐκ
304 653 408 727 ow
389 684 406 726 ο
423 685 455 726 τι
474 663 527 726 δεῖ
542 661 645 725 πλείω
662 653 877 745 περὶτούτων
894 651 1117 746 λέγεινᾶρω
1105 659 1189 746 δέ,

227 787 253 827 ω
242 747 408 848 ανδρες,
426 755 488 845 τὴν
504 764 663 844 πλείστην
680 752 914 845 διατριβὴν
865 783 934 827 των
945 753 1054 879 λόγωι(
1071 756 1188 828 ποιού-

226 885 327 947 μενον
344 855 473 948 περὶ
437 887 499 946 την
515 885 574 927 του
562 852 708 937 παιδός
719 853 838 928 οόσίαν
849 859 906 927 καλ
922 854 1047 948 περὶ
1010 886 1071 946 την
1090 855 1186 946 ἐμήν,

225 959 282 1028 καὶ
304 987 345 1028 τα
332 956 422 1048 μὲν
440 962 568 1028 ἐκείνου
591 955 799 1027 παντάπασιν
821 953 866 1038 ὥς
882 954 991 1048 ἄπορα
1008 956 1185 1047 διεξιόντα,

226 1061 302 1188 περὶ
330 1055 361 1128 δ’
382 1063 420 1148 ἐμ
422 1059 437 1128 ὲ
462 1056 606 1129 πλοῦτόν
622 1085 696 1128 τινα
712 1085 758 1152 τςο
746 1056 862 1153 λόγῳ
879 1057 1184 1147 κατασκευάσαντα,

225 1168 284 1230 καί
297 1188 372 1229 τινα
388 1167 507 1230 κακίαν
522 1187 783 1249 κατηγορουντα,
802 1154 847 1239 οἱς
865 1157 929 1247 ἐγιδ
945 1157 1112 1250 τεττάρων
1129 1157 1185 1230 οὐ·

226 1263 295 1330 σοιν
317 1262 562 1350 Στρατοκλέους
590 1262 786 1383 θυγατέρων
808 1256 950 1352 οόδεμιᾷ
970 1263 1082 1381 τολμω
1104 1283 1183 1330 συν-

227 1365 408 1452 ευπορῆσαι
424 1359 575 1452 προικός,
599 1361 655 1429 καὶ
671 1356 766 1430 ταυτ’
790 1367 877 1450 ἔχων
892 1349 1013 1451 (ως
970 1359 1067 1442 ουτός
1084 1361 1182 1450 φησι)

164 1488 208 1542 ³³8
224 1489 265 1531 τα
281 1489 341 1531 του
330 1465 450 1531 παιδί
448 1489 497 1532 ου.
527 1458 688 1550 βούλομαι
699 1458 740 1549 δὴ
757 1463 812 1530 καὶ
824 1464 900 1551 περὶ
911 1459 1040 1531 τούτων
1058 1468 1181 1532 εἰπεῖν

226 1566 302 1632 ἐλπί
287 1569 346 1646 ίζει
370 1559 433 1652 γὰρ
461 1559 516 1631 δια
540 1565 607 1681 τρῐν
632 1560 741 1649 λόγων
767 1562 838 1650 ἐμοὶ
863 1564 932 1660 μέν
949 1589 1024 1632 τινα
1049 1561 1181 1651 φθόνον

224 1661 425 1750 γενήσεσθαι
451 1659 529 1752 παρ’
556 1658 651 1752 όμων
677 1663 845 1751 περὶτῶν
866 1649 1181 1752 προσγεγενημένων

223 1761 416 1853 χρημάτων,
448 1779 517 1843 τοῖς
544 1763 582 1832 δὲ
607 1764 723 1832 παισὶν
749 1757 910 1850 ἕλεον,”
889 1792 932 1832 αν
956 1789 1075 1854 αποροι
1101 1759 1177 1886 παρ’

223 1859 305 1952 ὑμίν
327 1861 416 1985 μίναι
443 1861 591 1946 δόξωσιν.
625 1890 748 1932 ουκουυ
773 1859 932 1951 ἀγνοῆσαι
959 1868 1014 1933 δεῖ
1027 1861 1163 1953 περὶ’
1123 1893 1177 1933 αυ-

223 1967 291 2033 τοῖυ
315 1959 403 2053 υμᾶς
427 1959 543 2051 οὐδέν,
570 1959 644 2033 ἀλλ’
670 1959 813 2052 ἀκριβεῖς
837 1965 893 2034 καὶ
916 1965 1020 2034 ταῦτα
1044 1975 1176 2052 μαθεῖν,

222 2060 271 2133 ἵν’
292 2060 441 2151 εἰδῆθ’”
421 2090 471 2132 οτι
488 2059 664 2152 μευδεται,
691 2060 801 2185 ὥσπερ
818 2066 874 2133 καὶ
892 2065 1032 2154 περὶ
984 2092 1053 2134 των
1069 2062 1176 2134 ἄλλων
1225 2137 1226 2142 ,

225 2157 266 2260 1‘
249 2190 412 2234 απαντων.
450 2161 569 2251 ἐγώ
530 2191 593 2255 γαρ
610 2192 663 2252 αν,
682 2191 708 2233 ω
698 2153 856 2256 ανδρες,
869 2163 1004 2234 πάντων
1021 2160 1175 2254 όμολογη

224 2287 317 2387 σαιμι
352 2263 436 2335 εἶναι
469 2285 636 2353 κακιστος,
673 2271 704 2333 εί
727 2262 1028 2358 Στρατοκλέους”
1006 2291 1115 2356 απορα
1139 2294 1176 2335 τα

224 2362 398 2454 πράγματα
414 2362 648 2444 καταλιπόντος
665 2361 764 2445 αὐτός
783 2362 923 2455 εὔπορος
940 2360 988 2435 όν
1006 2368 1061 2435 καὶ
1078 2372 1175 2454 μηδε-

222 2472 302 2555 μίαν
328 2467 514 2554 ἐπιμέλειαν
539 2461 734 2554 ποιούμενος
759 2472 962 2560 φαινοίμην
963 2469 1031 2536 ταῖν
1049 2469 1175 2537 ἐκείνου
1223 2509 1224 2540 ι

170 2579 206 2631 39
222 2571 361 2636 παίδων.
382 2572 413 2634 εί
430 2565 467 2635 δὲ
483 2573 620 2636 πλείονα
636 2567 810 2636 κατέλιπεν
827 2561 944 2646 αυτοῖς
955 2594 996 2635 τα
1013 2593 1095 2637 οντα
1111 2596 1176 2638 των
1223 2555 1224 2567 ¹

224 2669 312 2755 ἐμων
329 2669 384 2737 καὶ
402 2664 611 2754 βεβαιότε,
629 2668 685 2735 καὶ
701 2693 805 2736 ταυτα
820 2662 955 2736 τοσαῦτ’
980 2664 1123 2736 ἐστὶν“
1094 2687 1176 2737 ωστε
1222 2725 1223 2776 η

223 2764 331 2836 καὶ
295 2796 351 2846 τας
369 2695 660 2864 &vyoeve‘paygg'
618 2769 729 2837 αυτιόν
743 2772 910 2836 διαθεῖναι
927 2770 1035 2848 καλως
1053 2765 1153 2837 καὶ
1121 2796 1176 2837 του

194 2953 195 2956 ¹
222 2871 368 2936 παῖδα’
352 2895 387 2935 εκ
412 2895 479 2936 των
504 2870 628 2937 λοιπωυ
651 2857 804 2989 μηδὲν
780 2895 879 2990 ηττου
901 2867 986 2937 εἶναι
1003 2867 1222 2954 πλούσιον,

223 2969 438 3055 ἐπιμελουμαί
461 2994 496 3035 τε
520 2971 637 3037 τοῦτον
661 2965 721 3038 τόν
744 2966 867 3087 τρόπον
891 2963 1012 3037 αὐτων
1020 2965 1221 3038 ὥστεκαὶ

222 3071 334 3159 πολλῷ
350 3075 452 3136 πλείω
451 3070 628 3154 γενέσθαι
653 3065 716 3155 τὴν
732 3063 863 3156 ουσίαν,
883 3066 1017 3148 είκότως
1033 3065 1153 3156 μλν’
1115 3097 1175 3188 ονμ

220 3161 264 3237 ιαν
290 3174 392 3256 ἔχοιμι
418 3170 558 3256 μέμψιν,
585 3175 616 3237 εί
631 3165 676 3255 μὴ
693 3163 862 3255 τάμαυτοῦ
882 3175 1085 3258 προστίθημι
1103 3166 1175 3238 τού-

220 3295 303 3356 τοις,
330 3265 444 3352 σόζων
471 3269 508 3336 δὲ
524 3265 708 3338 ταιούτων
725 3270 779 3337 καὶ
797 3275 898 3338 πλείω
916 3270 1022 3339 ποιτόν
1040 3275 1175 3348 δικαίως

168 3385 203 3437 40
220 3360 263 3438 ἂν
280 3371 481 3456 ἐπαινοίμην.
511 3364 561 3437 ὅτι
580 3368 617 3438 δὲ
633 3371 735 3437 ταῦτα
751 3365 856 3449 οὕτως
874 3375 950 3459 ἔχει,
964 3373 1089 3461 ῥᾳδίως
1109 3373 1175 3439 ἐπι·
