2490 3914
89 178 116 228 p.
136 160 176 211 τε.
295 157 387 208 ΠΕΡΙ
404 112 662 244 νονπωουοε
678 157 844 209 mmor.
989 167 1051 229 113

90 329 230 422 φάσκων
247 322 359 399 ούδέν.
396 329 451 398 καὶ
471 324 585 416 ἐπειδή
602 325 737 417 τάχιστα
756 327 979 420 ἐτελεύτησεν,
1000 335 1052 402 έν-
1070 349 1106 402 38

89 431 192 521 τάφια
221 427 623 521 προπαρασκευασάμενος
652 425 689 498 τδ
713 429 775 517 μὲν
803 425 965 522 ἀργύριον
995 433 1055 522 ἐμὲ

34 531 37 536 ’
91 535 243 602 ἐκέλευεν
261 533 424 619 ἐνεγκεῖν,
444 525 487 610 ὦς
504 532 572 600 τοῖν
588 527 769 620 μαρτύρων
789 525 954 618 ήκούσατε
970 561 1053 624 μαρ-

88 630 321 723 τυρησάντων,
346 627 564 719 ἀπειληφέναι
589 631 627 699 δὲ
650 627 738 721 παρά
755 634 855 700 τούδε
878 655 1053 723 προσεποι-
1082 665 1083 668 ’

91 751 174 821 εῖτο,
198 727 276 822 παρ’
303 735 384 822 έμού
406 731 444 801 δὲ
466 727 575 802 ου’κέτι
600 727 724 818 ἤθελεν
746 727 946 821 ἀπολαβεῖν,
969 728 1053 804 ύπο·

90 837 280 923 παρωθῶν,
310 829 400 912 ὅπως
424 835 548 912 ἐκεῖνος
585 835 697 918 δοκοίη
731 829 874 902 θάπτειν
901 829 985 903 ἀλλά
1007 833 1052 924 μή

92 932 156 1023 ἐγω
173 930 231 1004 τὸν
248 931 391 1004 πάππον.
428 929 713 1022 ἀμφισβητοῦντος
732 934 769 1002 δὲ
784 932 905 1003 τούτου
923 938 979 1004 καὶ
995 939 1053 1023 τής

90 1043 196 1116 οἰκίας
218 1034 341 1122 ταύτης
364 1035 419 1104 καί
436 1036 503 1104 τοῖν
527 1030 638 1103 ἀλλων
661 1022 710 1103 οἷν
733 1037 858 1115 ἐκεῖνος
886 1039 1052 1126 κατέλιπε,

92 1139 147 1206 καὶ
165 1132 267 1206 οὐδὲν
284 1133 469 1224 φάσκοντος
486 1136 772 1224 καταλελοιπέναι,
791 1133 973 1222 βιάσασθαι
990 1137 1052 1226 μὲν

90 1234 225 1306 καὶτὸν
242 1234 378 1306 πάππον
395 1238 593 1326 μεταφέρειν
617 1238 654 1305 έν
675 1251 747 1316 ταῖς
770 1234 937 1318 τοιαύταις
960 1233 1052 1308 ἀκαι-

91 1346 179 1428 ρίαις
202 1333 264 1407 ούκ
289 1333 382 1429 ᾤμην
406 1341 495 1424 δεῖν,
517 1338 717 1424 τῶνφίλων
740 1364 794 1425 μοι
811 1340 916 1407 ταύτα
939 1358 1052 1426 συγγι-

89 1437 329 1527 γνωσκόντων,
357 1445 559 1507 συνεποίουν
578 1436 615 1505 δὲ
632 1438 687 1506 καί
705 1439 933 1527 συνέδαπτον,
953 1442 985 1521 ἐξ
1004 1428 1053 1508 εἶν

90 1535 109 1608 ὁ
127 1538 259 1618 πάππος
276 1541 429 1608 κατέλιπε
446 1540 513 1607 τῶν
525 1533 750 1625 ἀναλωμάτων
762 1540 977 1626 γιγνομένων.
996 1541 1052 1608 καί
1069 1564 1106 1617 30

90 1643 196 1710 ταύτα
213 1640 275 1732 μὲν
292 1635 397 1718 οὕτως
408 1632 633 1725 ἀναγκασθεὶς
647 1631 770 1727 ἔπραξα
781 1641 900 1708 τούτου
910 1636 969 1709 τδν
979 1638 1051 1730 τρό·

91 1759 172 1810 πον·
196 1736 285 1819 ὅπως
311 1739 347 1807 δὲ
371 1741 476 1828 μηδέν
498 1765 562 1826 μου
579 1736 683 1827 ταύτη
702 1748 947 1828 πλεονεκτοῖεν,
969 1736 1050 1831 παρ’

90 1836 175 1928 ύμῖν
192 1837 375 1928 φάσκοντες
392 1835 494 1908 ούδὲυ
511 1865 551 1927 με
569 1845 617 1918 εἰς
633 1835 694 1927 τήν
710 1835 821 1928 ταφήν
833 1835 1050 1928 ἀνηλωκέναι,

90 1938 151 2010 τόν
170 1937 328 2027 ἐξηγητὴν
346 1938 498 2030 ἐρόμενος
518 1941 646 2008 ἐκείνου
664 1938 879 2020 κελεύσαντος
896 1936 1052 2028 ἀνήλωσα

90 2037 174 2132 παρ’
206 2043 351 2129 ε’μαυτού
377 2042 433 2109 καὶ
462 2037 502 2109 τά
525 2045 625 2109 ἔνατα
648 2037 829 2128 έπήνεγκα,
854 2035 898 2120 ὡς
921 2035 1052 2110 οἷόντε

90 2141 251 2212 κάλλιστα
269 2138 539 2230 παρασκευάσας,
564 2145 620 2209 ἵνα
644 2135 755 2210 αύτύν
779 2139 952 2229 ἐκκόψαιμι
973 2140 1053 2211 ταύ-

89 2271 154 2330 την
176 2240 238 2330 τήν
260 2247 468 2332 ἱεροσυλίαν,
498 2242 553 2310 καὶ
575 2245 632 2310 ίνα
653 2238 698 2330 μή
723 2246 853 2311 δοκοῖεν
876 2231 968 2312 οὗτοι
991 2243 1053 2331 μὲν

90 2340 300 2431 ἀνηλωκέναι
318 2340 437 2431 πάντα,
458 2338 520 2429 ἐγοδ
540 2341 576 2410 δὲ
594 2337 706 2429 ούδέν,
725 2338 798 2410 ἀλλ’
817 2337 938 2431 ὁμοίως
950 2339 1050 2430 κάγώ.

168 2445 236 2513 Καὶ
252 2440 292 2512 τά
309 2443 371 2532 μὲν
387 2443 606 2531 γεγενημένα,
630 2444 685 2510 καί
711 2437 758 2510 δι’
784 2437 807 2512 ἀ
822 2440 862 2512 τά
878 2440 1053 2531 πράγματα
1069 2453 1105 2504 40

89 2541 188 2614 ταῦτ’
215 2551 347 2633 ἔχομεν,
371 2541 491 2632 σχεδόν
517 2570 549 2612 τι
565 2537 658 2612 ταῦτ’
685 2545 789 2630 ἐστίν,
814 2532 841 2610 οἶ
863 2539 997 2632 ἀνδρες·
1023 2550 1055 2612 εί

92 2645 133 2714 δὲ
157 2650 296 2732 εἰδείητε
319 2641 381 2732 τήν
404 2643 585 2722 Διοκλέους
614 2638 867 2732 ἀναισχυντίαν,
898 2645 1052 2733 καὶπερὶ

89 2743 133 2816 τά
156 2743 239 2814 ἀλλα
261 2741 330 2825 οἷός
353 2749 458 2834 ἐστιν,
488 2738 552 2814 ούκ
575 2737 617 2812 ἀν
644 2738 852 2831 ἀπιστήσαιτ’
882 2752 962 2824 ἰσως
984 2747 1053 2814 των
1140 2801 1142 2808 ,

91 2847 278 2936 εἰρημένων
301 2842 424 2915 ούδενί.
466 2835 561 2924 ούτος
584 2844 646 2932 μὲν
668 2840 731 2934 γάρ
756 2850 821 2933 ἔχει
843 2839 904 2930 τήν
921 2841 1051 2934 ούσίαν,

91 2942 155 3035 ἀφ’
174 2935 213 3034 ής
231 2949 296 3014 νύν
314 2949 382 3016 έστι
395 2944 553 3035 λαμπρός,
572 2941 759 3034 ἀλλοτρίαν,
777 2941 934 3033 ἀδελφοῖν
950 2947 1053 3036 τριοῖν

93 3044 306 3136 ὁμομητρίων
330 3044 515 3136 ἐπικλήρων
549 3050 835 3134 καταλειφθεισύν
870 3041 972 3115 αύτόν
1005 3049 1054 3138 τῷ

92 3149 195 3238 πατρὶ
213 3143 326 3216 αύτύν
345 3145 545 3234 εἰσποιήσας,
563 3142 725 3235 ούδεμίαν
743 3149 872 3216 ἐκείνου
884 3148 959 3236 περὶ
976 3143 1051 3216 τού-

91 3277 162 3318 των
184 3249 408 3335 ποιησαμένου
431 3244 605 3334 διαθήκην.
645 3263 722 3316 ταῖν
745 3243 778 3315 δ’
797 3243 960 3333 ἀδελφαῖν
976 3261 1053 3317 ταῖν
1068 3264 1105 3316 41

95 3355 195 3419 δυοῖν
213 3344 326 3436 ἐπειδή
344 3344 384 3416 τά
400 3345 549 3437 χρήματα
567 3344 792 3436 εἰσεπράττετο
801 3341 868 3415 ύπδ
885 3351 953 3417 των
970 3349 1052 3415 ε’κεί·

91 3477 169 3529 ναις
187 3447 451 3538 συνοικούντων,
469 3444 529 3518 τὸν
546 3448 607 3535 μὲν
618 3443 680 3533 τήν
690 3449 919 3538 πρεσβυτέραν
936 3453 1053 3536 ἔχοντα

144 3563 255 3614 Imus.
878 3560 896 3623 8
