<?xml version="1.0" encoding="UTF-8"?>
<!DOCTYPE html PUBLIC "-//W3C//DTD XHTML 1.0 Transitional//EN"
    "http://www.w3.org/TR/xhtml1/DTD/xhtml1-transitional.dtd">
<html xmlns="http://www.w3.org/1999/xhtml" xml:lang="en" lang="en">
 <head>
  <title>
</title>
<meta http-equiv="Content-Type" content="text/html;charset=utf-8" />
  <meta name='ocr-system' content='tesseract 3.04.00' />
  <meta name='ocr-capabilities' content='ocr_page ocr_carea ocr_par ocr_line ocrx_word'/>
</head>
<body>
  <div class='ocr_page' id='page_1' title='image "./isaeiorationesc01isaegoog_0214.png"; bbox 0 0 2490 3914; ppageno 0'>
   <div class='ocr_carea' id='block_1_1' title="bbox 436 137 1060 209">
    <p class='ocr_par' dir='ltr' id='par_1_1' title="bbox 436 137 1060 209">
     <span class='ocr_line' id='line_1_1' title="bbox 436 137 1060 209; baseline 0 -17"><span class='ocrx_word' id='word_1_1' title='bbox 436 137 736 200; x_wconf 72' lang='grc' dir='ltr'><strong>ΔΠΟΣΠΑΣΜΑΤΙΑ.</strong></span> <span class='ocrx_word' id='word_1_2' title='bbox 1000 147 1060 209; x_wconf 82' lang='lat'><strong><em>159</em></strong></span> 
     </span>
    </p>
   </div>
   <div class='ocr_carea' id='block_1_2' title="bbox 104 297 1095 996">
    <p class='ocr_par' dir='ltr' id='par_1_2' title="bbox 104 297 1095 976">
     <span class='ocr_line' id='line_1_2' title="bbox 106 297 1060 409; baseline -0.002 -40"><span class='ocrx_word' id='word_1_3' title='bbox 106 310 208 408; x_wconf 89' lang='grc' dir='ltr'><strong><em>ρελαις</em></strong></span> <span class='ocrx_word' id='word_1_4' title='bbox 212 305 263 368; x_wconf 84' lang='grc' dir='ltr'><strong><em>καί</em></strong></span> <span class='ocrx_word' id='word_1_5' title='bbox 278 302 372 388; x_wconf 85' lang='grc' dir='ltr'><strong><em>λόγων</em></strong></span> <span class='ocrx_word' id='word_1_6' title='bbox 383 312 582 407; x_wconf 76' lang='grc' dir='ltr'><strong><em>παρασκευαῖς</em></strong></span> <span class='ocrx_word' id='word_1_7' title='bbox 591 300 685 368; x_wconf 74' lang='grc' dir='ltr'><strong><em>ἐπὶ</em></strong></span> <span class='ocrx_word' id='word_1_8' title='bbox 652 330 707 384; x_wconf 80' lang='grc' dir='ltr'><strong><em>την</em></strong></span> <span class='ocrx_word' id='word_1_9' title='bbox 719 301 792 385; x_wconf 76' lang='grc' dir='ltr'><strong><em>ἐμὴν</em></strong></span> <span class='ocrx_word' id='word_1_10' title='bbox 802 297 986 409; x_wconf 72' lang='grc' dir='ltr'><strong><em>ἕλόλυθεν,’</em></strong></span> <span class='ocrx_word' id='word_1_11' title='bbox 969 302 1060 407; x_wconf 80' lang='grc' dir='ltr'><strong><em>ανάγ-</em></strong></span> 
     </span>
     <span class='ocr_line' id='line_1_3' title="bbox 106 383 1062 494; baseline -0.002 -40"><span class='ocrx_word' id='word_1_12' title='bbox 106 416 161 471; x_wconf 83' lang='grc' dir='ltr'><strong><em>κη,</em></strong></span> <span class='ocrx_word' id='word_1_13' title='bbox 187 383 226 464; x_wconf 75' lang='grc' dir='ltr'><strong><em>ὡς</em></strong></span> <span class='ocrx_word' id='word_1_14' title='bbox 253 391 345 464; x_wconf 77' lang='grc' dir='ltr'><strong><em>ἔοικε,</em></strong></span> <span class='ocrx_word' id='word_1_15' title='bbox 366 410 522 494; x_wconf 76' lang='grc' dir='ltr'><strong><em>συμφοραν</em></strong></span> <span class='ocrx_word' id='word_1_16' title='bbox 535 389 595 470; x_wconf 63' lang='grc' dir='ltr'><strong><em>μὲν</em></strong></span> <span class='ocrx_word' id='word_1_17' title='bbox 618 385 694 452; x_wconf 82' lang='grc' dir='ltr'><strong><em>εἶναι</em></strong></span> <span class='ocrx_word' id='word_1_18' title='bbox 715 394 786 470; x_wconf 98' lang='grc' dir='ltr'><strong><em>νομί</em></strong></span> <span class='ocrx_word' id='word_1_19' title='bbox 800 414 844 452; x_wconf 90' lang='grc' dir='ltr'><strong><em>ειν</em></strong></span> <span class='ocrx_word' id='word_1_20' title='bbox 863 386 908 453; x_wconf 86' lang='grc' dir='ltr'><strong><em>ότι</em></strong></span> <span class='ocrx_word' id='word_1_21' title='bbox 929 387 1062 464; x_wconf 81' lang='grc' dir='ltr'><strong><em>τοιοῦτός</em></strong></span> 
     </span>
     <span class='ocr_line' id='line_1_4' title="bbox 106 469 1061 576; baseline -0.002 -38"><span class='ocrx_word' id='word_1_22' title='bbox 106 475 185 538; x_wconf 78' lang='grc' dir='ltr'><strong><em>ἔστιν</em></strong></span> <span class='ocrx_word' id='word_1_23' title='bbox 198 470 343 549; x_wconf 83' lang='grc' dir='ltr'><strong><em>ολκεῖος”</em></strong></span> <span class='ocrx_word' id='word_1_24' title='bbox 321 499 379 553; x_wconf 85' lang='grc' dir='ltr'><strong><em>ων,</em></strong></span> <span class='ocrx_word' id='word_1_25' title='bbox 400 469 613 556; x_wconf 80' lang='grc' dir='ltr'><strong><em>ἀπολογεῖσθαι</em></strong></span> <span class='ocrx_word' id='word_1_26' title='bbox 634 474 666 536; x_wconf 84' lang='lat'><strong><em>66</em></strong></span> <span class='ocrx_word' id='word_1_27' title='bbox 687 475 786 576; x_wconf 86' lang='grc' dir='ltr'><strong><em>περί</em></strong></span> <span class='ocrx_word' id='word_1_28' title='bbox 775 499 816 536; x_wconf 86' lang='grc' dir='ltr'><strong><em>ων</em></strong></span> <span class='ocrx_word' id='word_1_29' title='bbox 839 475 996 556; x_wconf 72' lang='grc' dir='ltr'><em>ἐγκέκληκε</em></span> <span class='ocrx_word' id='word_1_30' title='bbox 1010 475 1061 536; x_wconf 84' lang='grc' dir='ltr'><strong><em>καί</em></strong></span> 
     </span>
     <span class='ocr_line' id='line_1_5' title="bbox 106 543 1061 662; baseline -0.002 -41"><span class='ocrx_word' id='word_1_31' title='bbox 106 561 162 634; x_wconf 76' lang='grc' dir='ltr'><strong><em>ἔξω</em></strong></span> <span class='ocrx_word' id='word_1_32' title='bbox 174 562 226 620; x_wconf 79' lang='grc' dir='ltr'><strong><em>τοῦ</em></strong></span> <span class='ocrx_word' id='word_1_33' title='bbox 240 555 422 662; x_wconf 76' lang='grc' dir='ltr'><strong><em>πράγματος</em></strong></span> <span class='ocrx_word' id='word_1_34' title='bbox 421 559 505 640; x_wconf 82' lang='grc' dir='ltr'><strong><em>όιαβί</em></strong></span> <span class='ocrx_word' id='word_1_35' title='bbox 505 553 663 640; x_wconf 69' lang='grc' dir='ltr'><strong><em>βληκεν,’</em></strong></span> <span class='ocrx_word' id='word_1_36' title='bbox 644 583 683 632; x_wconf 85' lang='grc' dir='ltr'><strong><em>οις</em></strong></span> <span class='ocrx_word' id='word_1_37' title='bbox 696 549 734 621; x_wconf 77' lang='grc' dir='ltr'><strong><em>όν</em></strong></span> <span class='ocrx_word' id='word_1_38' title='bbox 748 543 802 620; x_wconf 83' lang='grc' dir='ltr'><strong><em>οόν</em></strong></span> <span class='ocrx_word' id='word_1_39' title='bbox 818 557 976 639; x_wconf 79' lang='grc' dir='ltr'><strong><em>δυνώμεθα</em></strong></span> <span class='ocrx_word' id='word_1_40' title='bbox 989 581 1061 639; x_wconf 90' lang='grc' dir='ltr'><strong><em>προ-</em></strong></span> 
     </span>
     <span class='ocr_line' id='line_1_6' title="bbox 104 637 1060 746; baseline 0 -42"><span class='ocrx_word' id='word_1_41' title='bbox 104 637 259 722; x_wconf 86' lang='grc' dir='ltr'><strong><em>θυμότατα</em></strong></span> <span class='ocrx_word' id='word_1_42' title='bbox 272 665 346 742; x_wconf 90' lang='grc' dir='ltr'><strong><em>προς</em></strong></span> <span class='ocrx_word' id='word_1_43' title='bbox 360 667 446 746; x_wconf 89' lang='grc' dir='ltr'><strong><em>υμας.</em></strong></span> <span class='ocrx_word' id='word_1_44' title='bbox 473 649 581 723; x_wconf 78' lang='lat' dir='ltr'><strong>Dionys.</strong></span> <span class='ocrx_word' id='word_1_45' title='bbox 597 647 654 704; x_wconf 80' lang='lat' dir='ltr'><strong><em>Hal</em></strong></span> <span class='ocrx_word' id='word_1_46' title='bbox 670 648 732 742; x_wconf 89' lang='lat' dir='ltr'><strong><em>Vp.</em></strong></span> <span class='ocrx_word' id='word_1_47' title='bbox 749 648 950 746; x_wconf 75' lang='grc'><strong>6060011600.</strong></span> <span class='ocrx_word' id='word_1_48' title='bbox 971 679 1009 694; x_wconf 85' lang='grc'><strong>-</strong></span> <span class='ocrx_word' id='word_1_49' title='bbox 1023 676 1060 692; x_wconf 94' lang='lat'><strong><em>·-</em></strong></span> 
     </span>
     <span class='ocr_line' id='line_1_7' title="bbox 170 718 1095 828; baseline 0.001 -41"><span class='ocrx_word' id='word_1_50' title='bbox 170 740 213 794; x_wconf 84' lang='grc'><strong><em>23.</em></strong></span> <span class='ocrx_word' id='word_1_51' title='bbox 241 721 347 789; x_wconf 81' lang='grc' dir='ltr'><strong><em>Πόθεν</em></strong></span> <span class='ocrx_word' id='word_1_52' title='bbox 371 719 427 808; x_wconf 76' lang='grc' dir='ltr'><strong><em>χρὴ</em></strong></span> <span class='ocrx_word' id='word_1_53' title='bbox 445 725 638 788; x_wconf 77' lang='grc' dir='ltr'><strong><em>πιστεύεσθαι</em></strong></span> <span class='ocrx_word' id='word_1_54' title='bbox 659 718 695 787; x_wconf 77' lang='lat'><strong><em>66</em></strong></span> <span class='ocrx_word' id='word_1_55' title='bbox 715 727 852 827; x_wconf 77' lang='grc' dir='ltr'><strong><em>εἰρημένα</em></strong></span> <span class='ocrx_word' id='word_1_56' title='bbox 872 721 946 828; x_wconf 86' lang='grc' dir='ltr'><strong><em>πρός</em></strong></span> <span class='ocrx_word' id='word_1_57' title='bbox 964 730 1061 804; x_wconf 80' lang='grc' dir='ltr'><strong><em>θεῶν;</em></strong></span> <span class='ocrx_word' id='word_1_58' title='bbox 1080 741 1095 794; x_wconf 86' lang='grc'>1</span> 
     </span>
     <span class='ocr_line' id='line_1_8' title="bbox 105 803 1062 912; baseline -0.002 -38"><span class='ocrx_word' id='word_1_59' title='bbox 105 805 163 874; x_wconf 78' lang='grc' dir='ltr'><strong><em>οὐκ</em></strong></span> <span class='ocrx_word' id='word_1_60' title='bbox 183 810 215 871; x_wconf 83' lang='grc' dir='ltr'><strong><em>ἐκ</em></strong></span> <span class='ocrx_word' id='word_1_61' title='bbox 235 813 296 873; x_wconf 77' lang='grc' dir='ltr'><strong><em>τῶν</em></strong></span> <span class='ocrx_word' id='word_1_62' title='bbox 316 813 503 910; x_wconf 70' lang='grc' dir='ltr'><strong><em>μαρτυριῶνς</em></strong></span> <span class='ocrx_word' id='word_1_63' title='bbox 531 806 615 890; x_wconf 80' lang='grc' dir='ltr'><strong><em>οἶμαί</em></strong></span> <span class='ocrx_word' id='word_1_64' title='bbox 620 833 671 909; x_wconf 90' lang='grc' dir='ltr'><strong><em>γε.</em></strong></span> <span class='ocrx_word' id='word_1_65' title='bbox 704 805 802 873; x_wconf 88' lang='grc' dir='ltr'><strong><em>πόθεν</em></strong></span> <span class='ocrx_word' id='word_1_66' title='bbox 820 810 852 873; x_wconf 80' lang='lat'><strong><em>66</em></strong></span> <span class='ocrx_word' id='word_1_67' title='bbox 868 803 937 884; x_wconf 84' lang='grc' dir='ltr'><strong><em>τοός</em></strong></span> <span class='ocrx_word' id='word_1_68' title='bbox 941 807 1062 912; x_wconf 76' lang='grc' dir='ltr'><strong><em>μάρτυ-</em></strong></span> 
     </span>
     <span class='ocr_line' id='line_1_9' title="bbox 106 888 1061 996; baseline 0.001 -41"><span class='ocrx_word' id='word_1_69' title='bbox 106 919 176 976; x_wconf 86' lang='grc' dir='ltr'><strong><em>ρας;</em></strong></span> <span class='ocrx_word' id='word_1_70' title='bbox 198 888 254 956; x_wconf 84' lang='grc' dir='ltr'><strong><em>οόκ</em></strong></span> <span class='ocrx_word' id='word_1_71' title='bbox 268 893 309 966; x_wconf 88' lang='grc' dir='ltr'><strong><em>ε’κ,</em></strong></span> <span class='ocrx_word' id='word_1_72' title='bbox 316 899 377 957; x_wconf 78' lang='grc' dir='ltr'><strong><em>τῶν</em></strong></span> <span class='ocrx_word' id='word_1_73' title='bbox 390 890 543 994; x_wconf 75' lang='lat'>66666663</span> <span class='ocrx_word' id='word_1_74' title='bbox 566 889 644 968; x_wconf 80' lang='grc' dir='ltr'><strong><em>εἰκός</em></strong></span> <span class='ocrx_word' id='word_1_75' title='bbox 656 915 699 994; x_wconf 83' lang='grc' dir='ltr'><strong><em>γε.</em></strong></span> <span class='ocrx_word' id='word_1_76' title='bbox 721 892 818 957; x_wconf 89' lang='grc' dir='ltr'><strong><em>πόθεν</em></strong></span> <span class='ocrx_word' id='word_1_77' title='bbox 833 894 865 956; x_wconf 83' lang='lat'><strong><em>66</em></strong></span> <span class='ocrx_word' id='word_1_78' title='bbox 879 918 915 996; x_wconf 90' lang='grc' dir='ltr'><strong><em>γε</em></strong></span> <span class='ocrx_word' id='word_1_79' title='bbox 931 888 1061 957; x_wconf 82' lang='grc' dir='ltr'><strong><em>όπιστεῖ-</em></strong></span> 
     </span>
    </p>
   </div>
   <div class='ocr_carea' id='block_1_3' title="bbox 105 970 1190 1082">
    <p class='ocr_par' dir='ltr' id='par_1_3' title="bbox 105 970 1190 1082">
     <span class='ocr_line' id='line_1_10' title="bbox 105 970 1190 1082; baseline 0 -42"><span class='ocrx_word' id='word_1_80' title='bbox 105 986 182 1040; x_wconf 91' lang='grc' dir='ltr'><strong><em>σθαι</em></strong></span> <span class='ocrx_word' id='word_1_81' title='bbox 200 971 268 1052; x_wconf 84' lang='grc' dir='ltr'><strong><em>τοός</em></strong></span> <span class='ocrx_word' id='word_1_82' title='bbox 286 975 395 1082; x_wconf 91' lang='grc' dir='ltr'><strong><em>λόγους</em></strong></span> <span class='ocrx_word' id='word_1_83' title='bbox 416 971 485 1051; x_wconf 81' lang='grc' dir='ltr'><strong><em>τοός</em></strong></span> <span class='ocrx_word' id='word_1_84' title='bbox 503 971 629 1053; x_wconf 81' lang='grc' dir='ltr'><strong><em>τοότωυ;</em></strong></span> <span class='ocrx_word' id='word_1_85' title='bbox 659 970 715 1039; x_wconf 78' lang='grc' dir='ltr'><strong><em>οὐκ</em></strong></span> <span class='ocrx_word' id='word_1_86' title='bbox 735 978 766 1040; x_wconf 79' lang='grc' dir='ltr'><strong><em>ἐκ</em></strong></span> <span class='ocrx_word' id='word_1_87' title='bbox 784 981 837 1040; x_wconf 78' lang='grc' dir='ltr'><strong><em>τοῦ</em></strong></span> <span class='ocrx_word' id='word_1_88' title='bbox 856 976 979 1079; x_wconf 78' lang='grc' dir='ltr'><em>φεύγειν</em></span> <span class='ocrx_word' id='word_1_89' title='bbox 994 972 1063 1052; x_wconf 82' lang='grc' dir='ltr'><strong><em>τοός</em></strong></span> <span class='ocrx_word' id='word_1_90' title='bbox 1167 977 1190 1063; x_wconf 45' lang='lat' dir='ltr'><strong><em>J</em></strong></span> 
     </span>
    </p>
   </div>
   <div class='ocr_carea' id='block_1_4' title="bbox 45 1054 1097 2401">
    <p class='ocr_par' dir='ltr' id='par_1_4' title="bbox 104 1054 1096 1987">
     <span class='ocr_line' id='line_1_11' title="bbox 105 1054 1062 1171; baseline 0.001 -48"><span class='ocrx_word' id='word_1_91' title='bbox 105 1054 295 1162; x_wconf 37' lang='grc' dir='ltr'><strong><em>ἐλέγχουςᾘ</em></strong></span> <span class='ocrx_word' id='word_1_92' title='bbox 278 1061 401 1171; x_wconf 83' lang='grc' dir='ltr'><strong><em>ανόγκη</em></strong></span> <span class='ocrx_word' id='word_1_93' title='bbox 411 1058 532 1163; x_wconf 76' lang='grc' dir='ltr'><strong><em>μεγάλη.</em></strong></span> <span class='ocrx_word' id='word_1_94' title='bbox 565 1057 721 1161; x_wconf 84' lang='grc' dir='ltr'><strong><em>φαίνομαι</em></strong></span> <span class='ocrx_word' id='word_1_95' title='bbox 727 1065 828 1124; x_wconf 82' lang='grc' dir='ltr'><strong><em>τοίνυν</em></strong></span> <span class='ocrx_word' id='word_1_96' title='bbox 848 1055 904 1143; x_wconf 77' lang='lat'><strong><em>66</em></strong></span> <span class='ocrx_word' id='word_1_97' title='bbox 919 1061 973 1165; x_wconf 69' lang='grc' dir='ltr'><strong><em>μέγ</em></strong></span> <span class='ocrx_word' id='word_1_98' title='bbox 992 1059 1062 1124; x_wconf 80' lang='grc' dir='ltr'><strong><em>διιό-</em></strong></span> 
     </span>
     <span class='ocr_line' id='line_1_12' title="bbox 105 1131 1063 1247; baseline 0 -39"><span class='ocrx_word' id='word_1_99' title='bbox 105 1170 170 1208; x_wconf 83' lang='grc' dir='ltr'><strong><em>κων</em></strong></span> <span class='ocrx_word' id='word_1_100' title='bbox 180 1149 288 1208; x_wconf 80' lang='grc' dir='ltr'><strong><em>ταυτα</em></strong></span> <span class='ocrx_word' id='word_1_101' title='bbox 296 1147 346 1208; x_wconf 87' lang='grc' dir='ltr'><strong><em>καὶ</em></strong></span> <span class='ocrx_word' id='word_1_102' title='bbox 368 1138 406 1208; x_wconf 75' lang='lat'><strong><em>66</em></strong></span> <span class='ocrx_word' id='word_1_103' title='bbox 415 1143 575 1246; x_wconf 80' lang='grc' dir='ltr'><strong><em>πράγματα</em></strong></span> <span class='ocrx_word' id='word_1_104' title='bbox 589 1147 629 1218; x_wconf 86' lang='grc' dir='ltr'><strong><em>είς</em></strong></span> <span class='ocrx_word' id='word_1_105' title='bbox 629 1139 825 1247; x_wconf 76' lang='grc' dir='ltr'><strong><em>βασάνους”</em></strong></span> <span class='ocrx_word' id='word_1_106' title='bbox 806 1169 904 1226; x_wconf 78' lang='grc' dir='ltr'><strong><em>αγοιν,</em></strong></span> <span class='ocrx_word' id='word_1_107' title='bbox 928 1131 1013 1221; x_wconf 76' lang='grc' dir='ltr'><strong><em>οὗτος</em></strong></span> <span class='ocrx_word' id='word_1_108' title='bbox 1031 1143 1063 1208; x_wconf 84' lang='lat'><strong><em>66</em></strong></span> 
     </span>
     <span class='ocr_line' id='line_1_13' title="bbox 105 1223 1063 1330; baseline -0.002 -37.97"><span class='ocrx_word' id='word_1_109' title='bbox 105 1230 155 1292; x_wconf 79' lang='grc' dir='ltr'><strong><em>ἐπι</em></strong></span> <span class='ocrx_word' id='word_1_110' title='bbox 146 1225 350 1330; x_wconf 74' lang='grc' dir='ltr'><strong><em>διαβολὰς</em></strong></span> <span class='ocrx_word' id='word_1_111' title='bbox 324 1255 374 1292; x_wconf 90' lang='grc' dir='ltr'><strong><em>και</em></strong></span> <span class='ocrx_word' id='word_1_112' title='bbox 364 1225 492 1330; x_wconf 79' lang='grc' dir='ltr'><strong><em>λόγους</em></strong></span> <span class='ocrx_word' id='word_1_113' title='bbox 508 1223 696 1308; x_wconf 73' lang='grc' dir='ltr'><strong><em>καθιστάς,”</em></strong></span> <span class='ocrx_word' id='word_1_114' title='bbox 678 1252 750 1330; x_wconf 88' lang='grc' dir='ltr'><strong><em>οπερ</em></strong></span> <span class='ocrx_word' id='word_1_115' title='bbox 767 1224 805 1291; x_wconf 80' lang='grc' dir='ltr'><strong><em>όν</em></strong></span> <span class='ocrx_word' id='word_1_116' title='bbox 819 1254 864 1303; x_wconf 89' lang='grc' dir='ltr'><strong><em>τις</em></strong></span> <span class='ocrx_word' id='word_1_117' title='bbox 877 1235 1063 1292; x_wconf 80' lang='grc' dir='ltr'><strong><em>πλεονεκτεῖν</em></strong></span> 
     </span>
     <span class='ocr_line' id='line_1_14' title="bbox 104 1305 1096 1417; baseline 0.002 -41"><span class='ocrx_word' id='word_1_118' title='bbox 104 1309 285 1413; x_wconf 85' lang='grc' dir='ltr'><strong><em>βουλόμενος</em></strong></span> <span class='ocrx_word' id='word_1_119' title='bbox 304 1309 460 1416; x_wconf 76' lang='grc' dir='ltr'><strong><em>ποιήσειεν.</em></strong></span> <span class='ocrx_word' id='word_1_120' title='bbox 497 1313 586 1417; x_wconf 73' lang='grc' dir='ltr'><strong><em>ἐγρῆυ</em></strong></span> <span class='ocrx_word' id='word_1_121' title='bbox 611 1305 699 1376; x_wconf 77' lang='grc' dir='ltr'><strong><em>δὲ’</em></strong></span> <span class='ocrx_word' id='word_1_122' title='bbox 663 1309 767 1417; x_wconf 91' lang='grc' dir='ltr'><strong><em>αυτόν,</em></strong></span> <span class='ocrx_word' id='word_1_123' title='bbox 790 1314 874 1394; x_wconf 80' lang='grc' dir='ltr'><strong><em>εἴπερ</em></strong></span> <span class='ocrx_word' id='word_1_124' title='bbox 895 1338 923 1375; x_wconf 91' lang='grc' dir='ltr'><strong><em>τι</em></strong></span> <span class='ocrx_word' id='word_1_125' title='bbox 947 1315 1096 1379; x_wconf 81' lang='grc' dir='ltr'><strong><em>δίκαιον2</em></strong></span> 
     </span>
     <span class='ocr_line' id='line_1_15' title="bbox 105 1391 1061 1503; baseline -0.001 -43"><span class='ocrx_word' id='word_1_126' title='bbox 105 1395 227 1500; x_wconf 81' lang='grc' dir='ltr'><strong><em>ἐφρόνει</em></strong></span> <span class='ocrx_word' id='word_1_127' title='bbox 243 1392 347 1460; x_wconf 87' lang='grc' dir='ltr'><strong><em>καλ</em></strong></span> <span class='ocrx_word' id='word_1_128' title='bbox 308 1422 349 1478; x_wconf 82' lang='grc' dir='ltr'><strong><em>μη</em></strong></span> <span class='ocrx_word' id='word_1_129' title='bbox 366 1398 642 1503; x_wconf 75' lang='grc' dir='ltr'><strong><em>παρακρούσασθαι</em></strong></span> <span class='ocrx_word' id='word_1_130' title='bbox 647 1391 698 1471; x_wconf 79' lang='grc' dir='ltr'><strong><em>τός</em></strong></span> <span class='ocrx_word' id='word_1_131' title='bbox 711 1391 850 1499; x_wconf 74' lang='grc' dir='ltr'><strong><em>ὑμετέρας</em></strong></span> <span class='ocrx_word' id='word_1_132' title='bbox 863 1394 981 1500; x_wconf 74' lang='grc' dir='ltr'><strong><em>γνώμας</em></strong></span> <span class='ocrx_word' id='word_1_133' title='bbox 997 1394 1061 1499; x_wconf 74' lang='grc' dir='ltr'><strong><em>ἐζή-</em></strong></span> 
     </span>
     <span class='ocr_line' id='line_1_16' title="bbox 104 1473 1063 1583; baseline -0.001 -38"><span class='ocrx_word' id='word_1_134' title='bbox 104 1506 166 1559; x_wconf 88' lang='grc' dir='ltr'><strong><em>τει,</em></strong></span> <span class='ocrx_word' id='word_1_135' title='bbox 191 1476 285 1583; x_wconf 76' lang='grc' dir='ltr'><strong><em>μίγμα</em></strong></span> <span class='ocrx_word' id='word_1_136' title='bbox 274 1482 363 1544; x_wconf 89' lang='grc' dir='ltr'><strong><em>Δία</em></strong></span> <span class='ocrx_word' id='word_1_137' title='bbox 377 1486 469 1544; x_wconf 76' lang='grc' dir='ltr'><strong><em>ταῦτα</em></strong></span> <span class='ocrx_word' id='word_1_138' title='bbox 488 1489 601 1559; x_wconf 85' lang='grc' dir='ltr'><strong><em>ποιεῖν,</em></strong></span> <span class='ocrx_word' id='word_1_139' title='bbox 625 1475 690 1543; x_wconf 79' lang='grc' dir='ltr'><strong><em>ἄλλ’</em></strong></span> <span class='ocrx_word' id='word_1_140' title='bbox 707 1475 805 1544; x_wconf 78' lang='grc' dir='ltr'><strong><em>ἐπί</em></strong></span> <span class='ocrx_word' id='word_1_141' title='bbox 776 1505 827 1544; x_wconf 90' lang='grc' dir='ltr'><strong><em>τον</em></strong></span> <span class='ocrx_word' id='word_1_142' title='bbox 842 1473 979 1563; x_wconf 85' lang='grc' dir='ltr'><strong><em>λογισμόν</em></strong></span> <span class='ocrx_word' id='word_1_143' title='bbox 990 1474 1063 1582; x_wconf 82' lang='grc' dir='ltr'><strong><em>μετολ</em></strong></span> 
     </span>
     <span class='ocr_line' id='line_1_17' title="bbox 104 1561 1061 1674; baseline 0.001 -47"><span class='ocrx_word' id='word_1_144' title='bbox 104 1562 265 1674; x_wconf 78' lang='grc' dir='ltr'><strong><em>μαρτύρων</em></strong></span> <span class='ocrx_word' id='word_1_145' title='bbox 290 1565 390 1628; x_wconf 75' lang='grc' dir='ltr'><strong><em>ἐλθεῖν</em></strong></span> <span class='ocrx_word' id='word_1_146' title='bbox 411 1566 462 1628; x_wconf 84' lang='grc' dir='ltr'><strong><em>καί</em></strong></span> <span class='ocrx_word' id='word_1_147' title='bbox 485 1561 625 1642; x_wconf 74' lang='grc' dir='ltr'><strong><em>ἐξετάζειν</em></strong></span> <span class='ocrx_word' id='word_1_148' title='bbox 649 1565 756 1628; x_wconf 71' lang='grc' dir='ltr'><strong><em>ἕκαστα</em></strong></span> <span class='ocrx_word' id='word_1_149' title='bbox 775 1569 834 1628; x_wconf 78' lang='grc' dir='ltr'><strong><em>τῶν</em></strong></span> <span class='ocrx_word' id='word_1_150' title='bbox 861 1565 892 1627; x_wconf 79' lang='grc' dir='ltr'><strong><em>ἐν</em></strong></span> <span class='ocrx_word' id='word_1_151' title='bbox 913 1569 954 1650; x_wconf 71' lang='grc' dir='ltr'><strong><em>τῷ</em></strong></span> <span class='ocrx_word' id='word_1_152' title='bbox 974 1561 1061 1668; x_wconf 86' lang='grc' dir='ltr'><strong><em>λόγω,</em></strong></span> 
     </span>
     <span class='ocr_line' id='line_1_18' title="bbox 105 1627 1063 1759; baseline 0 -47"><span class='ocrx_word' id='word_1_153' title='bbox 105 1649 158 1712; x_wconf 84' lang='grc' dir='ltr'><strong><em>καὶ</em></strong></span> <span class='ocrx_word' id='word_1_154' title='bbox 173 1653 277 1751; x_wconf 72' lang='grc' dir='ltr'><strong><em>τοῦτον</em></strong></span> <span class='ocrx_word' id='word_1_155' title='bbox 291 1644 341 1712; x_wconf 90' lang='grc' dir='ltr'><strong><em>τόν</em></strong></span> <span class='ocrx_word' id='word_1_156' title='bbox 354 1643 463 1728; x_wconf 87' lang='grc' dir='ltr'><strong><em>τρόπον</em></strong></span> <span class='ocrx_word' id='word_1_157' title='bbox 478 1673 539 1759; x_wconf 86' lang='grc' dir='ltr'><strong><em>παρ</em></strong></span> <span class='ocrx_word' id='word_1_158' title='bbox 542 1646 639 1749; x_wconf 78' lang='grc' dir='ltr'><strong><em>’ἐμοῦ</em></strong></span> <span class='ocrx_word' id='word_1_159' title='bbox 653 1646 898 1751; x_wconf 76' lang='grc' dir='ltr'><strong><em>πυνθανόμενον·</em></strong></span> <span class='ocrx_word' id='word_1_160' title='bbox 925 1627 1063 1751; x_wconf 76' lang='grc' dir='ltr'><strong><em>όλσφμρόις</em></strong></span> 
     </span>
     <span class='ocr_line' id='line_1_19' title="bbox 106 1727 1062 1836; baseline 0 -41"><span class='ocrx_word' id='word_1_161' title='bbox 106 1736 189 1814; x_wconf 77' lang='grc' dir='ltr'><strong><em>λογλζ</em></strong></span> <span class='ocrx_word' id='word_1_162' title='bbox 189 1731 332 1816; x_wconf 72' lang='grc' dir='ltr'><strong><em>μπόσαςς</em></strong></span> <span class='ocrx_word' id='word_1_163' title='bbox 361 1729 460 1835; x_wconf 87' lang='grc' dir='ltr'><strong><em>[τόσας</em></strong></span> <span class='ocrx_word' id='word_1_164' title='bbox 484 1733 534 1836; x_wconf 80' lang='grc' dir='ltr'><strong><em>κμλ</em></strong></span> <span class='ocrx_word' id='word_1_165' title='bbox 560 1729 673 1835; x_wconf 74' lang='grc' dir='ltr'><strong><em>τόσας]</em></strong></span> <span class='ocrx_word' id='word_1_166' title='bbox 702 1727 777 1796; x_wconf 71' lang='grc' dir='ltr'><strong><em>κατὰ</em></strong></span> <span class='ocrx_word' id='word_1_167' title='bbox 802 1729 894 1796; x_wconf 91' lang='grc' dir='ltr'><strong><em>πόσον</em></strong></span> <span class='ocrx_word' id='word_1_168' title='bbox 918 1727 1062 1818; x_wconf 80' lang='grc' dir='ltr'><strong><em>όργόριον</em></strong></span> 
     </span>
     <span class='ocr_line' id='line_1_20' title="bbox 106 1795 1060 1962; baseline 0.002 -84"><span class='ocrx_word' id='word_1_169' title='bbox 106 1795 360 1900; x_wconf 73' lang='grc' dir='ltr'><strong><em>είσενόγνεγμὲναςς</em></strong></span> <span class='ocrx_word' id='word_1_170' title='bbox 378 1812 507 1919; x_wconf 83' lang='grc' dir='ltr'><strong><em>[κατολ’</em></strong></span> <span class='ocrx_word' id='word_1_171' title='bbox 474 1838 560 1881; x_wconf 89' lang='grc' dir='ltr'><strong><em>τοσον</em></strong></span> <span class='ocrx_word' id='word_1_172' title='bbox 577 1818 628 1879; x_wconf 85' lang='grc' dir='ltr'><strong><em>καλ</em></strong></span> <span class='ocrx_word' id='word_1_173' title='bbox 634 1814 746 1962; x_wconf 76' lang='grc' dir='ltr'><strong><em>τόσον]</em></strong></span> <span class='ocrx_word' id='word_1_174' title='bbox 772 1810 847 1882; x_wconf 73' lang='grc' dir='ltr'><strong><em>κατὰ</em></strong></span> <span class='ocrx_word' id='word_1_175' title='bbox 861 1825 932 1880; x_wconf 91' lang='grc' dir='ltr'><strong><em>ποῖα</em></strong></span> <span class='ocrx_word' id='word_1_176' title='bbox 945 1820 1060 1896; x_wconf 80' lang='grc' dir='ltr'><strong><em>ψηφλσ</em></strong></span> 
     </span>
     <span class='ocr_line' id='line_1_21' title="bbox 108 1898 1060 2048; baseline -0.002 -84"><span class='ocrx_word' id='word_1_177' title='bbox 108 1924 200 2000; x_wconf 70' lang='grc' dir='ltr'><strong><em>ματος</em></strong></span> <span class='ocrx_word' id='word_1_178' title='bbox 217 1901 313 1984; x_wconf 86' lang='grc' dir='ltr'><strong><em>[ταυτί</em></strong></span> <span class='ocrx_word' id='word_1_179' title='bbox 312 1903 352 2048; x_wconf 57' lang='grc' dir='ltr'><strong><em>.έ]</em></strong></span> <span class='ocrx_word' id='word_1_180' title='bbox 352 1898 458 1976; x_wconf 86' lang='grc' dir='ltr'><strong><em>ταότας</em></strong></span> <span class='ocrx_word' id='word_1_181' title='bbox 469 1899 648 2004; x_wconf 71' lang='lat'>666666626</span> <span class='ocrx_word' id='word_1_182' title='bbox 618 1927 633 1964; x_wconf 95' lang='grc' dir='ltr'><strong><em>τ</em></strong></span> <span class='ocrx_word' id='word_1_183' title='bbox 645 1925 711 1977; x_wconf 90' lang='grc' dir='ltr'><strong><em>νες;</em></strong></span> <span class='ocrx_word' id='word_1_184' title='bbox 725 1905 768 1982; x_wconf 86' lang='grc' dir='ltr'><strong><em>[ολ</em></strong></span> <span class='ocrx_word' id='word_1_185' title='bbox 754 1902 828 1964; x_wconf 87' lang='grc' dir='ltr'><strong><em>λκαλ</em></strong></span> <span class='ocrx_word' id='word_1_186' title='bbox 844 1905 935 1964; x_wconf 76' lang='grc' dir='ltr'><strong><em>ταῦτα</em></strong></span> <span class='ocrx_word' id='word_1_187' title='bbox 951 1926 1060 2002; x_wconf 85' lang='grc' dir='ltr'><strong><em>μαρτυ-</em></strong></span> 
     </span>
    </p>

    <p class='ocr_par' dir='ltr' id='par_1_5' title="bbox 45 1978 1097 2401">
     <span class='ocr_line' id='line_1_22' title="bbox 45 1978 1097 2089; baseline 0.005 -44"><span class='ocrx_word' id='word_1_188' title='bbox 45 1982 53 1997; x_wconf 94' lang='grc'>’</span> <span class='ocrx_word' id='word_1_189' title='bbox 108 1982 283 2087; x_wconf 79' lang='grc' dir='ltr'><strong><em>ρήσοντες]</em></strong></span> <span class='ocrx_word' id='word_1_190' title='bbox 301 2005 337 2048; x_wconf 93' lang='grc' dir='ltr'><strong><em>σκ</em></strong></span> <span class='ocrx_word' id='word_1_191' title='bbox 338 1985 473 2064; x_wconf 73' lang='grc' dir='ltr'><strong><em>ἕψεσθαι</em></strong></span> <span class='ocrx_word' id='word_1_192' title='bbox 487 1980 523 2049; x_wconf 76' lang='grc' dir='ltr'><strong><em>τό</em></strong></span> <span class='ocrx_word' id='word_1_193' title='bbox 539 1989 732 2089; x_wconf 80' lang='grc' dir='ltr'><strong><em>ψηφίσματα,</em></strong></span> <span class='ocrx_word' id='word_1_194' title='bbox 750 1978 784 2048; x_wconf 85' lang='grc' dir='ltr'><strong><em>τό</em></strong></span> <span class='ocrx_word' id='word_1_195' title='bbox 798 1988 915 2063; x_wconf 76' lang='grc' dir='ltr'><strong><em>πλῆθος</em></strong></span> <span class='ocrx_word' id='word_1_196' title='bbox 928 2010 988 2048; x_wconf 85' lang='grc' dir='ltr'><strong><em>τοιν</em></strong></span> <span class='ocrx_word' id='word_1_197' title='bbox 1006 1988 1060 2048; x_wconf 89' lang='grc' dir='ltr'><strong><em>ελσ-</em></strong></span> <span class='ocrx_word' id='word_1_198' title='bbox 1079 1997 1097 2050; x_wconf 83' lang='grc'>3</span> 
     </span>
     <span class='ocr_line' id='line_1_23' title="bbox 108 2057 1063 2173; baseline 0.001 -42"><span class='ocrx_word' id='word_1_199' title='bbox 108 2072 227 2150; x_wconf 67' lang='grc' dir='ltr'><strong><em>φορεῖν,</em></strong></span> <span class='ocrx_word' id='word_1_200' title='bbox 253 2061 289 2131; x_wconf 76' lang='grc' dir='ltr'><strong><em>τό</em></strong></span> <span class='ocrx_word' id='word_1_201' title='bbox 279 2071 544 2173; x_wconf 72' lang='grc' dir='ltr'><strong><em>εἰσενηνεγμένα,</em></strong></span> <span class='ocrx_word' id='word_1_202' title='bbox 568 2067 637 2144; x_wconf 80' lang='grc' dir='ltr'><strong><em>νοός</em></strong></span> <span class='ocrx_word' id='word_1_203' title='bbox 659 2064 820 2170; x_wconf 81' lang='grc' dir='ltr'><strong><em>λαβόγτας,</em></strong></span> <span class='ocrx_word' id='word_1_204' title='bbox 841 2069 892 2131; x_wconf 83' lang='grc' dir='ltr'><strong><em>καί</em></strong></span> <span class='ocrx_word' id='word_1_205' title='bbox 914 2071 941 2131; x_wconf 84' lang='grc' dir='ltr'><strong><em>ελ</em></strong></span> <span class='ocrx_word' id='word_1_206' title='bbox 958 2057 1062 2152; x_wconf 76' lang='grc' dir='ltr'><strong><em>μὲν</em></strong></span> <span class='ocrx_word' id='word_1_207' title='bbox 1029 2093 1063 2132; x_wconf 90' lang='grc' dir='ltr'><strong><em>ευ</em></strong></span> 
     </span>
     <span class='ocr_line' id='line_1_24' title="bbox 108 2150 1063 2254; baseline 0.002 -39"><span class='ocrx_word' id='word_1_208' title='bbox 108 2176 186 2215; x_wconf 91' lang='grc' dir='ltr'><strong><em>τε..</em></strong></span> <span class='ocrx_word' id='word_1_209' title='bbox 204 2156 292 2239; x_wconf 75' lang='grc' dir='ltr'><strong><em>.,τῷ</em></strong></span> <span class='ocrx_word' id='word_1_210' title='bbox 315 2151 392 2239; x_wconf 78' lang='grc' dir='ltr'><strong><em>λόγῳ</em></strong></span> <span class='ocrx_word' id='word_1_211' title='bbox 413 2152 575 2222; x_wconf 76' lang='grc' dir='ltr'><strong><em>πιστεύειν.</em></strong></span> <span class='ocrx_word' id='word_1_212' title='bbox 601 2157 629 2216; x_wconf 88' lang='grc' dir='ltr'><strong><em>εί</em></strong></span> <span class='ocrx_word' id='word_1_213' title='bbox 647 2153 679 2216; x_wconf 83' lang='lat'><strong><em>66</em></strong></span> <span class='ocrx_word' id='word_1_214' title='bbox 699 2150 756 2234; x_wconf 79' lang='grc' dir='ltr'><strong><em>μή,</em></strong></span> <span class='ocrx_word' id='word_1_215' title='bbox 781 2157 838 2214; x_wconf 77' lang='grc' dir='ltr'><strong><em>νῦν</em></strong></span> <span class='ocrx_word' id='word_1_216' title='bbox 835 2155 1063 2254; x_wconf 78' lang='grc' dir='ltr'><strong><em>παρασχέσθαι</em></strong></span> 
     </span>
     <span class='ocr_line' id='line_1_25' title="bbox 107 2216 1062 2320; baseline 0.004 -22"><span class='ocrx_word' id='word_1_217' title='bbox 107 2232 273 2318; x_wconf 77' lang='grc' dir='ltr'><strong><em>μάρτυρας,</em></strong></span> <span class='ocrx_word' id='word_1_218' title='bbox 293 2238 325 2298; x_wconf 83' lang='grc' dir='ltr'><strong><em>ελ</em></strong></span> <span class='ocrx_word' id='word_1_219' title='bbox 337 2263 365 2298; x_wconf 90' lang='grc' dir='ltr'><strong><em>τι</em></strong></span> <span class='ocrx_word' id='word_1_220' title='bbox 372 2216 524 2316; x_wconf 64' lang='lat'>‘&#39;666606</span> <span class='ocrx_word' id='word_1_221' title='bbox 504 2257 542 2318; x_wconf 83' lang='grc' dir='ltr'><strong><em>ην</em></strong></span> <span class='ocrx_word' id='word_1_222' title='bbox 558 2227 599 2301; x_wconf 83' lang='lat'><strong><em>66</em></strong></span> <span class='ocrx_word' id='word_1_223' title='bbox 615 2231 843 2319; x_wconf 79' lang='grc' dir='ltr'><strong><em>ἐλογισάμην’</em></strong></span> <span class='ocrx_word' id='word_1_224' title='bbox 807 2244 926 2312; x_wconf 87' lang='grc' dir='ltr'><strong><em>αυτοῖς.</em></strong></span> <span class='ocrx_word' id='word_1_225' title='bbox 953 2245 1062 2320; x_wconf 77' lang='lat' dir='ltr'><strong>Dionys.</strong></span> 
     </span>
     <span class='ocr_line' id='line_1_26' title="bbox 106 2326 330 2401; baseline 0.023 -18"><span class='ocrx_word' id='word_1_226' title='bbox 106 2326 166 2383; x_wconf 78' lang='lat' dir='ltr'><strong><em>Hal</em></strong></span> <span class='ocrx_word' id='word_1_227' title='bbox 180 2326 210 2382; x_wconf 90' lang='lat' dir='ltr'><strong><em>v.</em></strong></span> <span class='ocrx_word' id='word_1_228' title='bbox 228 2345 255 2401; x_wconf 82' lang='lat' dir='ltr'>p</span> <span class='ocrx_word' id='word_1_229' title='bbox 270 2333 330 2388; x_wconf 86' lang='grc' dir='ltr'><strong><em>εοε</em></strong></span> 
     </span>
    </p>
   </div>
   <div class='ocr_carea' id='block_1_5' title="bbox 183 2489 988 2553">
    <p class='ocr_par' dir='ltr' id='par_1_6' title="bbox 183 2489 988 2553">
     <span class='ocr_line' id='line_1_27' title="bbox 183 2489 988 2553; baseline 0.001 -13"><span class='ocrx_word' id='word_1_230' title='bbox 183 2491 284 2541; x_wconf 84' lang='lat' dir='ltr'><strong>XVIII.</strong></span> <span class='ocrx_word' id='word_1_231' title='bbox 319 2491 422 2542; x_wconf 84' lang='grc' dir='ltr'><strong>ΠΡΟΣ</strong></span> <span class='ocrx_word' id='word_1_232' title='bbox 440 2489 621 2543; x_wconf 78' lang='grc' dir='ltr'><strong>ΔΤΣΙΒΙΟΝ</strong></span> <span class='ocrx_word' id='word_1_233' title='bbox 642 2489 735 2553; x_wconf 77' lang='lat' dir='ltr'><strong>IIEPI</strong></span> <span class='ocrx_word' id='word_1_234' title='bbox 755 2490 988 2542; x_wconf 79' lang='lat' dir='ltr'><strong>EHIKAHPOT.</strong></span> 
     </span>
    </p>
   </div>
   <div class='ocr_carea' id='block_1_6' title="bbox 105 2575 1138 3110">
    <p class='ocr_par' dir='ltr' id='par_1_7' title="bbox 105 2575 1063 2750">
     <span class='ocr_line' id='line_1_28' title="bbox 171 2575 1063 2674; baseline -0.003 -22"><span class='ocrx_word' id='word_1_235' title='bbox 171 2601 214 2652; x_wconf 80' lang='grc'><strong><em>24.</em></strong></span> <span class='ocrx_word' id='word_1_236' title='bbox 246 2591 375 2651; x_wconf 83' lang='grc' dir='ltr'><strong><em>Τοιαῦτα</em></strong></span> <span class='ocrx_word' id='word_1_237' title='bbox 385 2587 484 2668; x_wconf 66' lang='grc' dir='ltr'><strong><em>μέντοι</em></strong></span> <span class='ocrx_word' id='word_1_238' title='bbox 498 2575 580 2651; x_wconf 75' lang='grc' dir='ltr'><strong><em>οὗτοι</em></strong></span> <span class='ocrx_word' id='word_1_239' title='bbox 591 2587 639 2650; x_wconf 73' lang='grc' dir='ltr'><strong><em>ἐπί</em></strong></span> <span class='ocrx_word' id='word_1_240' title='bbox 648 2592 691 2674; x_wconf 80' lang='grc' dir='ltr'><strong><em>τῷ</em></strong></span> <span class='ocrx_word' id='word_1_241' title='bbox 701 2576 843 2651; x_wconf 71' lang='grc' dir='ltr'><strong><em>τεθνεῶτι</em></strong></span> <span class='ocrx_word' id='word_1_242' title='bbox 853 2592 1063 2651; x_wconf 84' lang='grc' dir='ltr'><strong><em>σκευοποιοῦν-</em></strong></span> 
     </span>
     <span class='ocr_line' id='line_1_29' title="bbox 105 2677 423 2750; baseline 0.016 -17"><span class='ocrx_word' id='word_1_243' title='bbox 105 2694 163 2746; x_wconf 88' lang='grc' dir='ltr'><strong><em>τες</em></strong></span> <span class='ocrx_word' id='word_1_244' title='bbox 196 2677 292 2735; x_wconf 83' lang='lat' dir='ltr'>Pollux</span> <span class='ocrx_word' id='word_1_245' title='bbox 309 2679 331 2735; x_wconf 89' lang='lat' dir='ltr'>X</span> <span class='ocrx_word' id='word_1_246' title='bbox 348 2679 365 2750; x_wconf 68' lang='lat' dir='ltr'>S</span> <span class='ocrx_word' id='word_1_247' title='bbox 381 2686 423 2738; x_wconf 83' lang='lat'><strong><em>15</em></strong></span> 
     </span>
    </p>

    <p class='ocr_par' dir='ltr' id='par_1_8' title="bbox 105 2747 1138 3090">
     <span class='ocr_line' id='line_1_30' title="bbox 171 2747 1063 2858; baseline -0.006 -38"><span class='ocrx_word' id='word_1_248' title='bbox 171 2768 214 2820; x_wconf 83' lang='grc'><strong><em>25.</em></strong></span> <span class='ocrx_word' id='word_1_249' title='bbox 240 2749 415 2858; x_wconf 86' lang='grc' dir='ltr'><strong><em>Ηγοόμεθα</em></strong></span> <span class='ocrx_word' id='word_1_250' title='bbox 438 2747 494 2837; x_wconf 80' lang='grc' dir='ltr'><strong><em>γόρ</em></strong></span> <span class='ocrx_word' id='word_1_251' title='bbox 514 2753 612 2854; x_wconf 74' lang='grc' dir='ltr'><strong><em>ἐκείνῃ</em></strong></span> <span class='ocrx_word' id='word_1_252' title='bbox 631 2748 741 2835; x_wconf 69' lang='grc' dir='ltr'><strong><em>μὲν</em></strong></span> <span class='ocrx_word' id='word_1_253' title='bbox 711 2779 763 2817; x_wconf 91' lang='grc' dir='ltr'><strong><em>τον</em></strong></span> <span class='ocrx_word' id='word_1_254' title='bbox 790 2751 936 2856; x_wconf 82' lang='grc' dir='ltr'><strong><em>ἕγγυτότοι</em></strong></span> <span class='ocrx_word' id='word_1_255' title='bbox 946 2755 1063 2853; x_wconf 75' lang='grc' dir='ltr'><strong><em>γένους</em></strong></span> 
     </span>
     <span class='ocr_line' id='line_1_31' title="bbox 106 2833 1062 2941; baseline 0.002 -43"><span class='ocrx_word' id='word_1_256' title='bbox 106 2840 171 2900; x_wconf 78' lang='grc' dir='ltr'><strong><em>δεῖν</em></strong></span> <span class='ocrx_word' id='word_1_257' title='bbox 185 2847 350 2910; x_wconf 82' lang='grc' dir='ltr'><strong><em>συνοικεῖν,</em></strong></span> <span class='ocrx_word' id='word_1_258' title='bbox 371 2865 407 2903; x_wconf 90' lang='grc' dir='ltr'><strong><em>τα</em></strong></span> <span class='ocrx_word' id='word_1_259' title='bbox 395 2833 457 2902; x_wconf 83' lang='lat'><strong><em>66</em></strong></span> <span class='ocrx_word' id='word_1_260' title='bbox 472 2833 605 2919; x_wconf 78' lang='grc' dir='ltr'><strong><em>χρήματα</em></strong></span> <span class='ocrx_word' id='word_1_261' title='bbox 619 2839 736 2913; x_wconf 79' lang='grc' dir='ltr'><strong><em>τέως</em></strong></span> <span class='ocrx_word' id='word_1_262' title='bbox 705 2863 758 2941; x_wconf 89' lang='grc' dir='ltr'><strong><em>μεν</em></strong></span> <span class='ocrx_word' id='word_1_263' title='bbox 779 2842 832 2918; x_wconf 79' lang='grc' dir='ltr'><strong><em>τῆς</em></strong></span> <span class='ocrx_word' id='word_1_264' title='bbox 850 2833 1007 2920; x_wconf 79' lang='grc' dir='ltr'><strong><em>ἐπικλήρου</em></strong></span> <span class='ocrx_word' id='word_1_265' title='bbox 1021 2834 1062 2900; x_wconf 85' lang='grc' dir='ltr'><strong><em>ελ-</em></strong></span> 
     </span>
     <span class='ocr_line' id='line_1_32' title="bbox 105 2913 1062 3003; baseline 0.001 -21"><span class='ocrx_word' id='word_1_266' title='bbox 105 2947 174 2998; x_wconf 90' lang='grc' dir='ltr'><strong><em>ναι,</em></strong></span> <span class='ocrx_word' id='word_1_267' title='bbox 194 2917 313 2984; x_wconf 75' lang='grc' dir='ltr'><strong><em>ἐπειδὰν</em></strong></span> <span class='ocrx_word' id='word_1_268' title='bbox 332 2924 364 2987; x_wconf 85' lang='lat'><strong><em>66</em></strong></span> <span class='ocrx_word' id='word_1_269' title='bbox 384 2923 516 2998; x_wconf 77' lang='grc' dir='ltr'><strong><em>παῖδεςέ</em></strong></span> <span class='ocrx_word' id='word_1_270' title='bbox 517 2946 550 2985; x_wconf 89' lang='grc' dir='ltr'><strong><em>πι</em></strong></span> <span class='ocrx_word' id='word_1_271' title='bbox 542 2923 656 2998; x_wconf 78' lang='grc' dir='ltr'><strong><em>δίετες</em></strong></span> <span class='ocrx_word' id='word_1_272' title='bbox 670 2917 837 3003; x_wconf 78' lang='grc' dir='ltr'><strong><em>ἡβήσοοσιν,</em></strong></span> <span class='ocrx_word' id='word_1_273' title='bbox 861 2923 991 2997; x_wconf 70' lang='grc' dir='ltr'><strong><em>ἐκείνους</em></strong></span> <span class='ocrx_word' id='word_1_274' title='bbox 1009 2913 1062 2984; x_wconf 83' lang='grc' dir='ltr'><strong><em>αό-</em></strong></span> 
     </span>
     <span class='ocr_line' id='line_1_33' title="bbox 105 3007 1138 3110; baseline 0.002 -44"><span class='ocrx_word' id='word_1_275' title='bbox 105 3009 168 3067; x_wconf 74' lang='grc' dir='ltr'><strong><em>τοῖν</em></strong></span> <span class='ocrx_word' id='word_1_276' title='bbox 182 3030 308 3110; x_wconf 90' lang='grc' dir='ltr'><strong><em>κρατειν.</em></strong></span> <span class='ocrx_word' id='word_1_277' title='bbox 338 3012 412 3072; x_wconf 90' lang='lat' dir='ltr'><strong>Suid.</strong></span> <span class='ocrx_word' id='word_1_278' title='bbox 427 3032 451 3068; x_wconf 85' lang='lat' dir='ltr'>v</span> <span class='ocrx_word' id='word_1_279' title='bbox 466 3007 591 3090; x_wconf 54' lang='lat'>6661</span> <span class='ocrx_word' id='word_1_280' title='bbox 605 3021 631 3072; x_wconf 90' lang='grc'><strong><em>2.</em></strong></span> <span class='ocrx_word' id='word_1_281' title='bbox 648 3033 675 3088; x_wconf 87' lang='lat' dir='ltr'><strong><em>p.</em></strong></span> <span class='ocrx_word' id='word_1_282' title='bbox 692 3021 750 3074; x_wconf 77' lang='lat'><strong>104.</strong></span> <span class='ocrx_word' id='word_1_283' title='bbox 769 3013 877 3088; x_wconf 82' lang='lat' dir='ltr'><strong>Bernh.)</strong></span> <span class='ocrx_word' id='word_1_284' title='bbox 891 3013 953 3072; x_wconf 84' lang='lat' dir='ltr'><strong>coll.</strong></span> <span class='ocrx_word' id='word_1_285' title='bbox 970 3012 1064 3070; x_wconf 83' lang='lat' dir='ltr'>eodem</span> <span class='ocrx_word' id='word_1_286' title='bbox 1134 3022 1138 3028; x_wconf 86' lang='grc'><strong><em>’</em></strong></span> 
     </span>
    </p>
   </div>
   <div class='ocr_carea' id='block_1_7' title="bbox 106 3085 659 3180">
    <p class='ocr_par' dir='ltr' id='par_1_9' title="bbox 106 3085 659 3180">
     <span class='ocr_line' id='line_1_34' title="bbox 106 3085 659 3180; baseline 0.004 -28"><span class='ocrx_word' id='word_1_287' title='bbox 106 3096 226 3153; x_wconf 82' lang='lat' dir='ltr'><strong>Suidav.</strong></span> <span class='ocrx_word' id='word_1_288' title='bbox 241 3085 404 3180; x_wconf 76' lang='grc' dir='ltr'><strong><em>ἡβήσαντες</em></strong></span> <span class='ocrx_word' id='word_1_289' title='bbox 420 3093 447 3172; x_wconf 86' lang='grc' dir='ltr'><strong><em>(Ι.</em></strong></span> <span class='ocrx_word' id='word_1_290' title='bbox 462 3104 479 3156; x_wconf 90' lang='grc'><strong>2</strong></span> <span class='ocrx_word' id='word_1_291' title='bbox 494 3116 521 3171; x_wconf 91' lang='lat' dir='ltr'>p</span> <span class='ocrx_word' id='word_1_292' title='bbox 535 3098 650 3172; x_wconf 86' lang='grc'><strong>802)</strong></span> <span class='ocrx_word' id='word_1_293' title='bbox 598 3098 659 3172; x_wconf 68' lang='lat'>66).</span> 
     </span>
    </p>
   </div>
   <div class='ocr_carea' id='block_1_8' title="bbox 368 3246 803 3300">
    <p class='ocr_par' dir='ltr' id='par_1_10' title="bbox 368 3246 803 3300">
     <span class='ocr_line' id='line_1_35' title="bbox 368 3246 803 3300; baseline 0 -4"><span class='ocrx_word' id='word_1_294' title='bbox 368 3247 443 3296; x_wconf 89' lang='lat' dir='ltr'><strong>XIX.</strong></span> <span class='ocrx_word' id='word_1_295' title='bbox 478 3246 580 3297; x_wconf 84' lang='grc' dir='ltr'><strong>ΠΡΟΣ</strong></span> <span class='ocrx_word' id='word_1_296' title='bbox 603 3246 803 3300; x_wconf 83' lang='grc' dir='ltr'><strong>ΟΡΓΕΩΝΑΣ.</strong></span> 
     </span>
    </p>
   </div>
   <div class='ocr_carea' id='block_1_9' title="bbox 104 3337 1062 3508">
    <p class='ocr_par' dir='ltr' id='par_1_11' title="bbox 104 3337 1062 3508">
     <span class='ocr_line' id='line_1_36' title="bbox 171 3337 1062 3425; baseline 0 -19"><span class='ocrx_word' id='word_1_297' title='bbox 171 3355 214 3409; x_wconf 88' lang='grc'><strong><em>26.</em></strong></span> <span class='ocrx_word' id='word_1_298' title='bbox 250 3337 323 3422; x_wconf 80' lang='grc' dir='ltr'><strong><em>μήτε</em></strong></span> <span class='ocrx_word' id='word_1_299' title='bbox 339 3346 513 3405; x_wconf 88' lang='grc' dir='ltr'><strong><em>παλίνσκιον</em></strong></span> <span class='ocrx_word' id='word_1_300' title='bbox 527 3345 682 3425; x_wconf 88' lang='grc' dir='ltr'><strong><em>γίγνεσθαι</em></strong></span> <span class='ocrx_word' id='word_1_301' title='bbox 699 3338 732 3405; x_wconf 85' lang='grc' dir='ltr'><strong><em>τό</em></strong></span> <span class='ocrx_word' id='word_1_302' title='bbox 748 3347 865 3425; x_wconf 86' lang='grc' dir='ltr'><strong><em>χορίον.</em></strong></span> <span class='ocrx_word' id='word_1_303' title='bbox 894 3350 1023 3425; x_wconf 82' lang='grc' dir='ltr'><strong><em>Ηεεμοοτ.</em></strong></span> <span class='ocrx_word' id='word_1_304' title='bbox 1038 3368 1062 3406; x_wconf 86' lang='lat' dir='ltr'><strong><em>v.</em></strong></span> 
     </span>
     <span class='ocr_line' id='line_1_37' title="bbox 104 3430 528 3508; baseline 0.002 -19"><span class='ocrx_word' id='word_1_305' title='bbox 104 3430 281 3489; x_wconf 87' lang='grc' dir='ltr'><strong><em>παλίνσκιον</em></strong></span> <span class='ocrx_word' id='word_1_306' title='bbox 296 3431 334 3508; x_wconf 87' lang='lat' dir='ltr'><strong><em>(p</em></strong></span> <span class='ocrx_word' id='word_1_307' title='bbox 353 3439 411 3495; x_wconf 75' lang='lat'><strong><em>143.</em></strong></span> <span class='ocrx_word' id='word_1_308' title='bbox 427 3433 528 3508; x_wconf 64' lang='lat'>1366).</span> 
     </span>
    </p>
   </div>
   <div class='ocr_carea' id='block_1_10' title="bbox 0 0 1250 3914">
    <p class='ocr_par' dir='ltr' id='par_1_12' title="bbox 0 0 1250 3914">
     <span class='ocr_line' id='line_1_38' title="bbox 0 0 1250 3914; baseline 0 0"><span class='ocrx_word' id='word_1_309' title='bbox 0 0 1250 3914; x_wconf 95' lang='lat' dir='ltr'><strong><em> </em></strong></span> 
     </span>
    </p>
   </div>
  </div>
 </body>
</html>
