2502 3930
183 121 234 172 m<
252 119 326 174 που
345 117 495 188 [Πλονν.
497 119 508 188 ]
525 121 614 172 στου
630 121 706 173 σου
724 121 823 174 Am
840 85 1024 174 εονοεαα.
1074 130 1093 190 5

131 291 253 382 χρόνον
280 299 387 363 είπεΐν
410 289 473 362 οὐκ
496 299 575 382 ἔχω,
598 289 679 362 οὐδὲ
703 289 745 380 δή
768 295 843 411 περὶ
861 321 921 363 του
909 296 1015 382 βίον
1032 298 1095 367 τοῦ

130 391 268 485 άνδρός,
305 388 374 473 οἷός
406 421 455 473 τις
484 383 543 481 ήν,
577 389 658 463 οὐδε
687 395 827 484 περὶ
785 422 842 481 της
872 397 1092 516 προαιρέσεως

129 523 198 565 των
211 487 476 583 πολιτευμάτων,
493 489 611 564 οὐδ”
592 491 697 612 αρχήν
715 501 746 564 εί
761 493 931 618 προείλετό
941 524 1016 566 τινα
1033 521 1091 566 πο-

130 603 272 683 λιτείαν,
296 590 373 664 οὐδ’
397 589 481 675 ὅλως
504 597 580 685 περὶ
603 592 853 666 τῶντοιούτων
875 591 1013 677 οὐδενὸς
1037 594 1092 672 διά

130 725 166 766 το
156 693 270 785 μηδὲ
293 692 430 785 τοιαύτη
453 693 706 785 περιτυγχάνειν
724 699 858 787 ἱστορίᾳ.
895 691 1031 766 οὐδὲ
992 726 1055 788 γαρ
1073 726 1090 767 ο

129 795 208 878 τοδς
218 792 421 886 Ἰσοκράτους
434 793 583 885 μαθητάς
594 793 787 886 ἀναγράψας
795 792 989 887 Ἕρμιππος,
1001 794 1091 888 άκρι·

131 896 191 985 βής
211 900 247 966 ἐν
264 912 331 977 τοῖς
349 893 459 976 ἄλλοις
481 893 675 985 γενόμενος,
692 891 779 987 ὑπὲρ
796 900 896 968 τοῦδε
917 901 979 968 τοῦ
995 896 1090 988 ῥήτο-

129 1027 186 1088 ρος
208 994 310 1068 οὐδὲν
329 1007 482 1090 Ιεἴρηκεν,
506 999 567 1080 ἔξω
592 1004 688 1068 δυοῖν
704 995 848 1087 τούτων,
866 993 916 1068 ὅτι
935 997 1091 1085 διήκουσε
1153 1035 1156 1040 ·

129 1099 191 1187 μὲν
201 1094 420 1188 Ἰσοκράτους,
439 1095 651 1187 καθηγήσατο
671 1099 974 1188 δὲΛημοσθίνους,
993 1120 1089 1171 συνε-

129 1201 242 1287 γένετο
261 1200 299 1268 δὲ
315 1213 384 1280 τοῖς
402 1194 548 1289 ἀρίστοις
565 1202 634 1269 τῶν
651 1196 854 1288 φιλοσόφων.

535 1450 685 1460 ..η-

128 1648 169 1744 γ’.
197 1650 271 1724 ΕΚ
289 1650 399 1724 ΤΩΝ
423 1646 811 1752 [ΠΛΟΤΤΑΡΧΟῬ]
830 1649 959 1727 ΒΙΩΝ
978 1650 1089 1728 ΤΩΝ

397 1785 539 1860 ΔΕΚΑ
564 1784 824 1862 ΡΗΤΟΡΩΝ.

557 1957 657 1965 υ--α-

201 2092 318 2177 Ἰσαῖος
336 2093 573 2176 Χαλκιδεὺς
538 2123 600 2183 μευ
617 2085 660 2181 ήν
677 2122 713 2164 το
702 2092 852 2182 γένος,
864 2093 1086 2214 παραγενόμε-

127 2192 268 2278 νοςδἐ
253 2203 299 2277 είς
314 2192 458 2284 Ἀθήνας
475 2198 530 2266 καί
547 2192 707 2318 σχολάσας
725 2190 809 2283 μὲν’
803 2192 975 2285 Ισοκράτει
987 2195 1087 2283 ζηλιά

128 2319 189 2379 σας
208 2299 246 2367 δὲ
267 2305 400 2368 Λυσίαν
422 2295 504 2368 κατά
520 2324 557 2367 τε
574 2293 636 2384 τήν
652 2324 720 2366 των
736 2291 908 2384 ὀνομάτων
925 2290 1087 2417 άρμογίαν

128 2389 205 2469 καὶ
208 2395 270 2486 τήν
289 2402 325 2470 ἐν
342 2415 411 2478 τοῖς
434 2395 601 2515 πράγμασι
613 2394 807 2515 δεινότητα,
832 2392 911 2466 ὥστ’
931 2403 961 2466 εί
976 2394 1022 2485 μή
1038 2425 1086 2477 τις

128 2507 280 2592 ἔμπειρος
298 2497 387 2570 πάνυ
405 2527 464 2570 του
480 2501 683 2588 χαρακτῆρος
700 2501 767 2567 τοῖν
783 2493 918 2586 άνδρων
936 2507 1005 2584 είη,
1023 2493 1087 2566 ου’κ

128 2596 171 2670 ἂν
201 2606 352 2689 διαγνοίη
381 2598 523 2679 πολλοδς
545 2602 612 2669 τοῖν
641 2596 749 2686 λόγων
777 2602 900 2688 ῥηιδίως
927 2591 1087 2687 ὁποτέρου

127 2705 197 2772 τοίν
212 2700 363 2823 ρητόρων
381 2708 474 2792 εἰσίν.
504 2697 630 2788 ἤκμασε
648 2698 686 2768 δὲ
701 2696 783 2787 μετά
800 2695 858 2768 τδν
874 2705 1085 2786 Πελοποννη-

128 2798 246 2873 σιακδν
262 2801 420 2892 πόλεμον,
445 2830 488 2882 ως
512 2807 580 2872 ἔστι
596 2797 823 2890 τεκμήρασθαι
841 2801 940 2868 ἐκ
893 2826 961 2868 των
978 2796 1086 2886 λόγων

129 2899 237 2973 αὐτοῦ
265 2906 321 2973 καὶ
348 2906 444 2994 μέχρι
469 2905 527 2991 τῆς
558 2909 726 2972 Φιλίππου
753 2895 854 2989 άρχής
883 2901 1084 2989 παρέτεινεν.

128 3001 343 3092 καθηγήσατο
362 2997 400 3073 δὲ’
411 3005 650 3093 Δημοσθένους
662 2997 805 3081 άποστάς
821 3004 879 3087 τῆς
895 3003 1013 3090 σχολῆς
1032 3001 1085 3068 ἐπὶ

131 3111 293 3194 δραχμαῖς
309 3112 457 3196 μυρίαις,
477 3101 529 3175 διδ
546 3106 602 3174 καί
618 3101 759 3191 μάλιστα
771 3097 933 3189 ἐπιφανής
947 3103 1083 3187 ἐγίνετο.

131 3201 231 3286 αὐτὸς
250 3205 287 3274 δὲ
304 3208 360 3275 καί
377 3203 453 3286 τούς
472 3202 698 3295 ἐπιτροπικοὺς
710 3199 827 3290 λόγους
845 3202 1022 3272 συνέταττε
1038 3201 1087 3292 τῷ

131 3308 360 3396 Δημοσθένει,
379 3303 423 3387 ὥς
438 3334 526 3386 τινες
544 3304 645 3375 εἶπον.
681 3305 894 3373 καταλέλοιπε
913 3301 950 3370 δὲ
966 3297 1085 3387 λόγους

131 3405 197 3496 ξδ’,
216 3397 265 3477 οἷν
283 3413 348 3477 είσι
364 3405 493 3495 γνήσιοι
510 3404 556 3493 ν’,
574 3407 630 3475 καὶ
647 3410 734 3484 ίδίας
751 3405 874 3494 τέχνας.
902 3402 1029 3491 πρῶτος
1048 3400 1086 3470 δὲ
