2502 3930
173 173 214 234 54
550 231 552 236 ,
592 165 720 220 ῙΣΑΙΟΤ
998 231 1004 240 1
1037 166 1089 220 Οτι.
1106 168 1130 218 4.
1169 213 1173 224 ,

171 353 243 419 ταῖς
265 339 326 408 τοῦ
346 338 527 416 τεθνεῶτος
550 334 725 424 διαθήκαις
746 340 1008 426 μεταγραφήναι·
1031 333 1133 408 οῦδὲν

171 435 235 528 γὰρ
252 440 376 526 μᾶλλον
393 440 428 506 05
442 433 604 557 μάρτυρες
622 446 781 525 εἴσονται,
801 443 832 506 εἰ
848 433 903 525 ἐφ’
922 433 1009 518 αἷςέ
993 436 1132 526 ἐκλήθη-

122 536 236 610 14σαν
260 534 452 626 διαθήκαις,
480 525 577 606 αῦται
606 531 855 626 ἀποφαίνονται
894 532 992 608 ὁπότε
1017 538 1056 609 δέ
1077 541 1133 608 καλ

171 635 248 719 τοῦς
276 632 544 726 ὁμολογουμένως
570 640 856 758 παραγενομένους
883 631 1015 760 ρῖόν’
983 666 1002 707 τ
1045 640 1134 708 ἐστὶν

173 740 386 834 ἐξαπατήσω,
420 740 490 818 παῖς
515 732 577 806 οῦκ
601 731 643 806 55
667 731 754 826 ῦμῦς
778 764 818 825 γε
841 735 918 818 τοῦς
943 738 1049 827 μηδὲν
1073 742 1134 808 τοῦ

172 835 358 929 πράγματος
382 834 517 917 εἰδότας
530 833 616 907 πολῦ
636 839 801 925 555505‘
784 836 990 958 ετοιμότερόν
1005 866 1055 920 τις
1072 864 1133 908 τια-

126 934 422 1062 ρακροῦσασθαι
440 935 673 1059 ἐγχειρήσειεν,

243 1034 341 1110 'A555
363 1035 430 1127 μήν
446 1032 534 1108 555‘
518 1065 537 1108 0
553 1035 667 1126 νόμος,
693 1065 719 1106 ω
707 1027 746 1126 1
770 1035 905 1127 ἅνδρες,
929 1034 992 1108 οῦκ
1010 1037 1068 1109 555
1084 1066 1133 1122 τις

173 1142 331 1233 διαθήται
353 1136 471 1227 μόνον,
495 1137 662 1227 κυρίας
631 1165 715 1208 ειναι
738 1137 866 1208 κελεύει
882 1136 939 1220 τὰς
957 1136 1131 1228 διαθήκας,
1204 1147 1208 1156 ’

68 1247 70 1254 ’
171 1234 254 1310 5555
272 1228 387 1321 555
348 1265 386 1308 εν
409 1241 552 1360 φρονοῦν.
587 1241 744 1310 σκεπτέον
769 1235 810 1326 δή
827 1234 908 1327 ὑμῖν
924 1241 1133 1329 πρῶτονμὲν

172 1345 202 1409 εἰ
224 1337 396 1428 ἐποιήσατο
418 1336 475 1420 τὰς
499 1337 678 1428 διαθήκας,
702 1336 814 1410 ἔπειτα
837 1347 867 1409 εἰ
888 1336 933 1429 μή
956 1342 1133 1430 παρανοεῖν
1206 1382 1209 1394 ·

71 1515 74 1520 ,
121 1443 154 1496 15
173 1441 311 1512 διέθετο.
350 1436 589 1562 ῦρτιλεγόντων
619 1435 651 1509 δ’
681 1433 774 1530 ἡμῶν
800 1435 946 1530 μηδὲ
911 1467 949 1511 50
976 1437 1133 1531 παράπαν

170 1539 387 1629 γενέσθαι
351 1569 408 1622 τας
432 1538 611 1712 διαθήκας,
636 1535 827 1622 ἐκτίνος
806 1570 849 1611 αν
869 1538 1012 1631 τρόπον,
1038 1551 1071 1610 ελ
1082 1568 1132 1622 τις

171 1645 349 1731 παρανοῶν
361 1643 490 1712 διέθετο
501 1669 587 1730 ,γνο
589 1647 674 1729 έητε,
692 1643 772 1762 πρὶν
782 1637 912 1732 περδ’
871 1643 975 1712 αυτοῦ
984 1668 1044 1712 τον
1031 1643 1132 1712 δια-

171 1743 295 1812 θέσθαι
317 1743 506 1827 πιστεῦσαις
528 1738 605 1822 τοῦς
627 1731 747 1830 μέν
705 1769 768 1812 ουν
784 1738 867 1812 κατὰ
881 1738 956 1829 τήν
962 1737 1092 1812 δόσιν’
1072 1770 1132 1830 αμ-

172 1836 455 1930 φισβητοῦντας
439 1844 537 1932 ορῦτε
566 1837 646 1912 ὅσον
667 1847 765 1932 ἔργον
788 1844 879 1912 ἐστὶν
900 1843 1079 1912 αἰσθέσθαι
1103 1845 1133 1911 55

172 1935 282 2030 ἄληθή
303 1945 452 2031 λέγουσι,
476 1939 554 2023 τοῦς
579 1942 616 2013 δέ
631 1939 720 2028 ¹5555
741 1939 778 2013 55
800 1937 895 2030 γένος
917 1945 1048 2032 πρῶτον
1071 1943 1133 2031 μέν

171 2038 272 2112 οῦδὲν
292 2046 351 2120 ’δεῖ
370 2040 537 2133 μάρτυρας
560 2045 788 2134 παρασχέσθαι
811 2037 856 2124 ῦς
879 2036 990 2112 55555
1008 2036 1133 2112 έστινῦ

172 2144 291 2232 κλῆρος
309 2139 413 2232 (παρὰ
429 2141 564 2214 πάντων
579 2140 642 2233 γὰρ
660 2138 863 2233 ὡμολόγηται
879 2158 948 2224 τοῖς
967 2140 1131 2230 ἐγγυτάτω

120 2249 154 2303 16
169 2244 287 2329 γένους
309 2240 350 2312 55
372 2245 434 2312 τοῦ
453 2240 707 2331 τελευτήσαντος
728 2242 937 2332 γίγνεσθαι),
967 2247 1078 2312 ἔπειτα
1101 2247 1136 2312 05

33 2370 37 2394 ι
169 2340 266 2460 νόμοι·
287 2339 329 2413 05
349 2371 453 2432 μονον
475 2371 493 2413 0
495 2345 599 2433 λπερὶ
621 2346 689 2414 555
709 2347 818 2432 γενῦν
834 2339 918 2414 5555
934 2344 990 2414 καὶ
1006 2347 1041 2413 05
1055 2345 1132 2463 περὶ

169 2445 238 2513 555
253 2441 455 2524 δόσεωντολς
467 2445 641 2532 συγγενέσι
658 2446 829 2532 βοηθοῦσι.
855 2445 974 2514 δοῦναι
990 2438 1108 2532 μὲν
1068 2470 1132 2564 γαρ

120 2542 123 2548 ’
169 2572 188 2612 0
205 2573 304 2633 νομος
325 2539 441 2615 οῦδενὶ
459 2542 548 2636 55
511 2573 552 2614 55
570 2547 706 2633 ἑαυτοῦ,
732 2542 789 2616 555
812 2537 878 2615 555
895 2541 1004 2634 γήρως
1022 2537 1043 2631 ή
1065 2538 1132 2612 ῦπδ

169 2641 272 2714 νόσου
288 2639 309 2732 ή
326 2639 393 2714 ῦπδ
410 2649 478 2714 555
493 2641 634 2716 ἄλλων
619 2674 640 2714 5
634 2639 750 2714 555‘
728 2661 824 2734 νμεϊς
842 2655 912 2715 λστε
922 2640 1131 2733 παρανοήση

169 2741 251 2813 κατὰ
278 2741 373 2815 δέ
338 2773 375 2815 50
392 2749 487 2832 γένος
509 2742 618 2814 καὶ
582 2773 622 2816 τα
638 2749 698 2817 τοῦ
714 2740 869 2816 ὁπωσοῦν
888 2738 1130 2834 διακειμένου
1113 2771 1134 2813 ο

51 2883 53 2890 v
119 2853 151 2905 17
171 2842 333 2931 έγγντατα
342 2847 461 2931 γένους
472 2841 768 2935 αναμφισβητητως
785 2843 954 2934 λαμβάνει.
970 2847 1081 2966 χωρὶς
1095 2845 1135 2913 δε

168 2941 296 3015 τούτων
316 2961 388 3025 ταῖς
409 2945 471 3035 μέν
495 2945 670 3035 διαθήκαις
692 2941 748 3016 555
769 2945 947 3038 μαρτύρων
969 2941 1056 3035 ῦμῦς
1080 2950 1137 3014 δεῖ

167 3047 341 3115 πιστεῦσαι
349 3039 441 3134 ‚55⁹
461 3036 509 3116 55
527 3053 577 3118 ἔνι
594 3049 650 3118 καὶ
668 3050 912 3135 ἐξαπατηθῆναι
935 3041 1047 3136 (05
1007 3074 1072 3136 γαρ
1090 3039 1135 3115 55

166 3133 254 3232 ήσαν
276 3098 577 3269 ψευδομαρτυριῶν
596 3145 817 3236 ἐπισκήψεις),
846 3142 938 3236 τῇδ’
963 3142 1136 3236 ἀγχιστεέᾳ

169 3239 254 3314 δι’
234 3249 331 3334 υμοῖν
348 3243 473 3318 55555
498 3244 581 3318 5555
596 3245 660 3338 γὰρ
676 3244 754 3327 τοῦς
770 3246 893 3336 νόμους
910 3251 945 3316 05
959 3261 1135 3334 συγγενεῖς

118 3360 151 3412 18
167 3339 448 3467 ἀμφισβητοῦσιν,
472 3343 530 3429 οῦς
552 3344 648 3438 ὑμεῖς
665 3353 797 3419 ἔθεσθε.
837 3345 918 3438 πρδς
937 3347 974 3416 δέ
991 3344 1134 3436 τούτοις,

89 3445 91 3452 '
169 3471 195 3513 5
183 3433 349 3539 ῦνδρες,
369 3455 399 3517 εἰ
413 3449 476 3539 μὲν
493 3454 528 3519 05
541 3446 623 3519 κατὰ
638 3445 697 3529 τὰς
710 3443 873 3536 διαθήκας
884 3444 1135 3537 ἀμφισβητοῦν·
