2502 3930
305 679 645 802 enluunnro
681 719 945 797 onumen.

561 910 696 918 “““-“
801 912 814 947 ἱ

237 1041 314 1092 Anno
333 1034 473 1108 superiore
495 1032 565 1088 edidi
577 1031 835 1087 Commentationem
850 1032 970 1089 criticam
985 1033 1018 1090 de
1036 1035 1104 1092 lsaei

154 1119 322 1179 orationibus
344 1117 536 1192 programmati
551 1114 682 1190 gymnasii
698 1113 887 1171 llitzthumiani
905 1117 977 1190 quod
990 1119 1104 1176 Dresdae

154 1212 197 1262 est
214 1205 354 1265 insertam,
376 1201 404 1257 in
420 1216 473 1274 qua
489 1217 549 1256 oum
568 1198 738 1272 quaestiones
753 1199 879 1272 quasdam
894 1199 972 1275 attlgi
987 1219 1055 1274 quae
1071 1205 1105 1259 ad
1174 1240 1181 1258 .

154 1289 304 1344 universam
317 1285 486 1360 pertinerent
501 1277 586 1340 arteln
599 1283 718 1340 criticam
733 1283 761 1339 in
772 1282 824 1339 hoc
839 1290 948 1340 oratore
961 1293 1035 1343 recte
1049 1288 1104 1343 lae·

154 1372 289 1434 titandam,
307 1380 363 1426 tum
377 1367 537 1443 pertractavi
556 1365 723 1424 difficiliores
742 1365 847 1439 aliquot
860 1366 936 1424 locos
951 1376 978 1424 et
992 1386 1104 1445 corrup·

153 1463 197 1511 tos
221 1456 329 1528 quidem
349 1471 400 1528 pro
419 1451 490 1508 virili
506 1458 584 1525 parte
605 1467 714 1524 operam
735 1450 796 1506 dedi
814 1457 844 1506 ut
867 1468 996 1508 sanarem.
1031 1451 1105 1521 Quo·

152 1541 223 1596 niam
237 1546 326 1594 autem
338 1536 516 1611 scriptionum
528 1534 746 1591 scholasticarum
758 1541 855 1591 natura
869 1535 922 1591 lert
932 1544 959 1592 et
971 1535 1103 1600 condicio.
1206 1564 1208 1573 ¹

152 1623 225 1679 utin
243 1638 390 1696 paucorum
406 1638 500 1677 manus
517 1619 637 1681 veniant,
657 1636 688 1675 ea
703 1635 771 1691 quae
786 1618 819 1674 ab
833 1618 911 1675 initio
927 1619 1000 1676 illius
1018 1619 1104 1676 libelli
1181 1657 1183 1662 -

152 1706 299 1780 disputavi,
322 1723 383 1762 cum
401 1705 429 1760 in
444 1705 502 1778 ipsa
515 1703 581 1759 lsaei
596 1702 714 1759 editione
729 1701 819 1759 locum
832 1703 931 1760 hahere
949 1703 1104 1771 viderentur

153 1786 232 1865 quam
246 1789 359 1848 maxime
370 1787 510 1850 idoneum,
528 1795 650 1861 repetere
663 1785 809 1858 constitui,
828 1786 866 1843 ita
879 1795 980 1850 tamen,
999 1795 1029 1844 ut
1042 1806 1105 1862 par·

152 1874 201 1931 tim
231 1890 357 1947 augerem
383 1889 414 1929 ea
435 1880 462 1928 et
488 1869 691 1946 amplificarem¹
720 1869 820 1944 partim
844 1879 974 1936 mutarem
996 1879 1023 1927 et
1043 1890 1105 1929 cur·

2 2005 3 2008 ,
98 2019 101 2024 ,
151 1958 276 2032 rigerem.

554 2067 704 2078 ——.-

235 2192 335 2249 Causae
356 2192 533 2249 hereditariae
553 2207 613 2246 cum
634 2199 730 2247 natura
752 2209 801 2247 sua
823 2207 903 2264 saepe
925 2199 978 2247 tam
992 2191 1110 2266 conpli-

151 2283 227 2334 catae
244 2275 299 2332 sint
314 2285 342 2333 et
357 2276 513 2338 intricatae.
534 2283 565 2330 ut
580 2292 625 2332 eas
644 2262 766 2332 evolvere
782 2283 809 2331 et
823 2275 948 2348 expedire
961 2275 1104 2332 admodum

152 2360 260 2417 difficile
274 2378 334 2417 esse
348 2359 483 2423 rideatur,
496 2359 594 2415 mirum
611 2376 667 2430 non
682 2367 724 2415 est
739 2358 837 2432 quod
829 2375 857 2414 ιιι
873 2358 941 2416 lsaei
957 2361 1102 2424 orationes,

152 2444 278 2517 equibus
293 2444 437 2519 pleraeque
451 2459 551 2528 omncs,
568 2459 636 2515 quae
648 2427 772 2516 quidem'
765 2450 886 2515 integrae
892 2437 921 2515 *)
936 2443 970 2499 ad
982 2451 1103 2500 nostram

152 2560 352 2572 —u——ss

218 2605 246 2672 *l
269 2609 374 2659 Orationi
398 2609 534 2658 undecimae
556 2623 615 2670 quae
638 2615 672 2656 ost
694 2609 723 2656 de
744 2609 848 2668 lingulae
869 2605 999 2658 hereditate
1015 2608 1104 2672 aliquid

153 2677 235 2724 deesse
253 2684 275 2725 et
292 2692 319 2726 cx
337 2692 364 2725 eo
382 2683 476 2740 apparet
494 2675 566 2738 qnod,
585 2690 638 2724 eum
654 2675 789 2738 promiserit
799 2681 865 2724 actor
876 2688 903 2724 sa
914 2675 944 2724 da
955 2675 1104 2724 facultatibus

152 2757 211 2805 quae
229 2744 258 2792 al)
276 2744 417 2794 adversariis
435 2743 538 2792 celentur
550 2742 660 2818 deinceps
672 2742 787 2792 ductorum
806 2739 834 2804 (8
850 2748 883 2797 44.
902 2729 968 2790 αλλ’
985 2754 1103 2818 υσιερον

152 2804 290 2872 περὶτῶν
307 2799 616 2888 cuponlsmopdvcov
601 2803 659 2858 υπὸ
675 2799 782 2858 τούτων
804 2799 957 2888 ποιήσομιιι
974 2800 1040 2866 coris
1057 2799 1104 2857 λό-

152 2875 244 2938 γους),
269 2878 328 2926 nihil
346 2877 414 2925 tale'
409 2891 433 2924 ιιι
451 2877 501 2938 ipsa
525 2877 630 2926 oratione
647 2883 852 2926 commemoratum
869 2877 984 2940 reperitur
1001 2883 1023 2924 et
1040 2874 1104 2938 qnod

152 2944 228 2992 omnis
246 2943 389 2992 desiderator
407 2944 530 3006 peroratio.
565 2942 640 3001 Quare
657 2942 719 3006 quod
742 2944 879 2992 auctoritato
896 2943 1004 2992 codicum
1021 2956 1103 3006 quam·

152 3011 187 3058 ris
210 3009 349 3074 optimorum
371 3011 407 3060 AB
430 3011 501 3059 lretns
523 3012 633 3060 omiserat
654 3011 720 3060 imm.
739 3011 858 3060 tentaras
879 3016 979 3058 extrema
997 3011 1103 3058 oratione

151 3076 331 3127 additamentum
351 3073 501 3132 ΛΕΙΠΕΙ
524 3078 683 3127 detruncatam
705 3077 763 3126 illud
785 3077 878 3139 quidem
901 3076 1026 3137 designans
1048 3091 1102 3124 ora·

151 3143 250 3199 tionem
273 3152 336 3194 recte
354 3151 389 3193 est
405 3159 419 3193 a
436 3144 526 3192 criticis
543 3143 709 3194 Turicensibus
731 3151 872 3193 revocatum.
907 3143 969 3200 Quae
980 3149 1056 3191 autem
1074 3157 1103 3192 ex

151 3217 218 3274 parta
239 3217 326 3260 tantum
348 3218 440 3260 serrata
462 3218 497 3259 cst
513 3227 526 3258 a
544 3211 655 3274 Dionysio
676 3210 728 3260 llal.
753 3209 794 3272 (de
816 3209 947 3260 oratoribus
970 3216 1014 3258 vet.
1034 3209 1057 3258 ll.
1076 3225 1101 3275 p.

151 3284 189 3326 ⁰18
211 3292 262 3342 sqq.
287 3286 310 3327 et
331 3285 390 3328 orat.
414 3278 497 3328 Graec.
521 3278 567 3327 Vll.
586 3295 608 3342 p.
627 3286 664 3326 351
681 3291 732 3342 sqq.
750 3275 840 3337 Reisk.)
859 3278 933 3326 oratio
950 3277 1103 3326 duodecimae

152 3345 246 3394 nomine
263 3345 344 3394 hodie
350 3346 461 3406 insignita
480 3353 502 3392 et
519 3347 602 3394 ceteris
620 3346 708 3394 adiecta
726 3344 871 3395 orationibus
887 3344 992 3404 integris,
1010 3357 1037 3394 ea
1055 3357 1102 3392 uon

152 3413 252 3474 pertinet
263 3413 292 3461 ad
303 3414 356 3461 lites
368 3412 533 3469 hereditarias,
552 3413 594 3460 sed
607 3413 636 3462 ad
649 3426 743 3461 cansam
755 3412 897 3511 Eqphilcti'
891 3425 916 3460 m
929 3406 1102 3476 διαψηφίσει

153 3492 166 3526 a
183 3479 282 3543 paganis
299 3480 376 3529 eiecti.
