2490 3914
207 172 247 236 98
615 167 744 220 ιειιου
785 131 787 136 ’
1064 167 1117 224 οε.
1133 170 1161 224 ι.

207 342 358 432 φανεροῦ
380 342 640 432 τριηραρχοῦντα
671 334 870 430 ἀνῃρήκασι,
902 334 993 409 κάλει
1023 369 1078 429 μοι
1103 342 1161 412 καὶ

80 507 85 530 ,
206 439 336 512 τοῦτον
352 439 430 522 τοῦς
446 437 621 532 μάρτυρας.

580 655 787 710 ΜΔΡΤΤΡΕΣ.

155 857 189 913 33
281 851 326 914 Εί
340 852 456 917 τοίνυν
473 849 528 915 καί
545 847 686 967 τριοῦτοι
702 843 759 926 τὰς
776 843 895 934 φῦσεις
906 848 981 935 περὶ
998 840 1162 932 ἀλλήλους

208 945 271 1014 είσὶ
294 948 349 1014 καί
374 952 491 1037 ἔχθραι
513 943 593 1038 πρὸς
608 943 855 1038 Ἀπολλόδιορον
877 943 969 1016 τὸνέ
968 939 1161 1035 μὲποιησά

206 1072 308 1134 μενον
323 1041 473 1136 ῦπήρχον
484 1043 601 1127 αὐτοῖς
613 1049 805 1135 τηλικαῦται
821 1074 858 1116 το
847 1043 1019 1134 μέγεθος,
1037 1052 1073 1114 τί
1087 1048 1161 1132 βέλ-

205 1172 277 1214 τιον
294 1140 337 1215 ἀν
355 1141 531 1238 έπραξεν”
510 1175 532 1236 η
548 1151 652 1218 ταῦτα
669 1141 971 1236 βουλευσάμενος“
949 1172 1033 1235 απερ
1052 1148 1161 1233 ἐποίη-

206 1265 280 1332 σενι
306 1241 328 1334 ή
353 1245 395 1334 νή
421 1255 490 1318 Δία
515 1253 649 1318 παιδίον
675 1245 847 1336 ἐποιήσατο
865 1243 979 1369 λαχίιδυ
995 1242 1084 1335 παρά
1101 1272 1161 1314 του

205 1347 272 1416 νῦν
297 1346 450 1435 φίλων”
432 1376 554 1436 οντων,
581 1351 637 1418 καί
661 1346 766 1441 τοῦτφ
791 1343 853 1435 τήν
879 1343 958 1417 οῦσί
957 1375 999 1417 αν
943 1351 1161 1431 ίςέδωκεν

204 1442 287 1516 ἀλλά
304 1450 360 1516 καὶ
376 1445 467 1517 τοῦτ’
492 1439 535 1536 ήν
552 1445 678 1538 ἀδηλον
695 1451 751 1518 καὶ
767 1464 836 1529 τοῖς
852 1446 1069 1536 γεννήσασιν,
1095 1457 1161 1516 είιε

204 1553 390 1618 σπουδαῖον
416 1559 482 1618 εἴτε
507 1546 648 1637 μηδενὸς
664 1546 755 1632 ἀξιον
774 1555 909 1637 ἔμελλεν
926 1555 1077 1636 ἔσεσθαι,
1107 1544 1162 1616 διὰ

152 1665 187 1718 34
204 1643 266 1734 τήν
290 1642 431 1736 ήλικίαν
478 1652 558 1738 έμοῦ
584 1650 621 1719 δὲ
646 1664 765 1740 πεῖραν
792 1647 936 1738 εἰλήφει,
964 1654 1161 1738 δοκιμασίαν

205 1745 325 1834 ίκανήυ
349 1747 470 1836 λαβών.
515 1760 561 1830 είς
586 1777 621 1818 τε
646 1746 709 1839 γάρ
725 1745 785 1819 τῦν
802 1752 926 1841 πατέρα
950 1745 1059 1819 καί
1022 1777 1085 1836 την
1101 1776 1160 1837 μη·

203 1849 281 1936 τέρα
300 1849 309 1970 χ
332 1839 438 1929 οἷος
416 1878 460 1968 ην
476 1845 620 1939 ἀκριβοῦς
636 1848 721 1939 ήδει,
740 1878 807 1921 των
823 1878 842 1919 τ
845 1847 1005 1920 ὀίκείαν
1025 1851 1161 1937 ἐπιμελῆ

77 1967 81 1980 ·
204 1945 439 2038 καίτάμαυταῦ
448 1948 602 2042 πράττειν
616 1949 843 2040 εἰιιστάμενον·
863 1947 935 2021 ἕν’
915 1951 1001 2040 αρχή
1016 1976 1064 2037 τε,
1082 1959 1160 2018 θεσ-

203 2047 400 2139 μοδετήσας,
419 2046 463 2131 ῦς
482 2048 695 2140 έγενόμην’
656 2079 719 2121 ουκ
729 2049 841 2131 αδικος
859 2047 939 2121 οῦδὲ
951 2051 1159 2137 πλεονέκτης,

202 2145 361 2236 ήιιίστατο
387 2154 515 2240 σαφῦς.
553 2147 630 2221 ὥστ’
648 2147 711 2223 οῦκ
727 2147 858 2240 ἀγνοιῦν
883 2147 966 2220 ἀλλὰ
983 2153 1097 2239 σαφοῦς
1115 2155 1161 2218 εί

151 2265 185 2318 33
203 2247 269 2329 δῦς
297 2253 398 2320 ἐποίει
414 2279 461 2373 με
472 2255 540 2321 τῦν
557 2246 663 2320 αῦτοῦ
680 2250 804 2343 κύριον.
849 2247 964 2321 καὶ
921 2279 988 2340 μην
1005 2247 1086 2322 οῦδὲ
1103 2246 1160 2319 ἀλ

204 2347 334 2438 λότριον
351 2346 461 2420 ἀλλ”
442 2379 522 2422 οντα
538 2348 754 2440 ἀδελφιδοῦν,
772 2347 848 2422 οὐδ’
868 2342 912 2422 αῦ
928 2349 1028 2473 μικροὶ
1038 2345 1160 2421 πεπον-

204 2446 275 2530 θῦς
293 2447 375 2572 ἀλλρὶ
399 2450 525 2541 μεγάλα
542 2448 653 2540 ἀγαθοὶ
669 2447 732 2541 ὑφ’
760 2447 868 2542 ήμιῦν,
886 2448 962 2522 οὐδ’
982 2481 1026 2521 αυ
1014 2441 1160 2574 ἀφιλό-

202 2579 313 2640 τιμον,
339 2547 376 2632 ὃς
401 2549 441 2620 τὰ
465 2550 545 2622 ὅντα
569 2549 703 2641 ἀφιέναι
728 2550 908 2642 έμελλον”
882 2575 994 2644 ωσπερ
1011 2541 1103 2622 οῦτοι
1121 2549 1161 2621 τοὶ

202 2654 264 2720 τοῦ
296 2650 419 2742 κλήρου
454 2651 686 2741 πεποιήκασιν,
722 2649 805 2723 ἀλλὰ
831 2651 1077 2742 βουλησόμενου
1104 2653 1161 2722 καὶ

200 2767 411 2872 τριηραρχεῖν
441 2755 496 2822 ιιιιὶ
522 2763 679 2843 πολεμεῖν
709 2756 765 2823 καί
786 2770 945 2878 χορηγεῖν
969 2756 1025 2823 καί
1051 2749 1159 2822 πάνθ’

149 2863 184 2917 33
201 2845 284 2939 ῦμῖν
300 2847 341 2919 τῦ
358 2851 621 2942 προσταττόμενα
637 2870 756 2943 ποιεῖν,
776 2851 886 2947 ὥσπερ
903 2851 1062 2934 κάκεῖνος.
1087 2860 1161 2922 καί·

83 3035 85 3044 ‚
201 2957 301 3020 τοιεί
288 2954 372 3020 ίκαὶ
389 2950 552 3041 συγγενής
570 2956 625 3023 καὶ
648 2962 745 3043 φίλος
763 2957 818 3024 καί
836 2952 1007 3072 εὐεργέτης
1029 2955 1087 3024 καὶ
1105 2982 1161 3042 φι-
1209 3035 1227 3055 ι,

201 3048 330 3139 λότιμος
347 3054 403 3122 καί
421 3049 740 3145 δεδοκιμασμένος“
721 3059 871 3146 υπήρχον
892 3058 1038 3135 τοιοῦτος
1058 3053 1161 3142 εἶναι,

200 3158 249 3231 τίς
267 3146 310 3222 ἀν
326 3148 584 3243 ἀμφισβητήσειε
609 3152 653 3244 μή
671 3151 733 3225 οῦκ
749 3152 873 3249 ἀνδρὸς
896 3146 936 3226 εῦ
951 3157 1164 3248 φρονοῦντος

202 3249 287 3321 εἶναι
303 3253 427 3342 ταῦτηυ
443 3252 504 3342 τήν
522 3262 670 3342 ποίησιν,
690 3253 753 3343 έγῦ
770 3259 919 3328 τοίνυυ”
898 3285 935 3328 εν
951 3283 991 3344 γε
1007 3257 1076 3327 νῦν
1093 3249 1161 3324 ὑπ’

202 3355 330 3422 ἐκείνου
349 3357 618 3443 δοκιμασθέντων
634 3353 699 3443 ήδη
716 3365 892 3445 πεποίηκα
914 3352 1162 3458 γεγυμνασιάρ·

199 3479 284 3543 χηκα
300 3449 362 3544 γάρ
381 3481 396 3521 ε
398 3461 428 3534 ίς
445 3453 641 3546 Προμήθεια
665 3459 764 3527 τοῦδε
780 3485 840 3528 του
828 3461 1014 3529 ἐνιαυτοῦ
1029 3440 1162 3546 φιλοτί·
