<?xml version="1.0" encoding="UTF-8"?>
<!DOCTYPE html PUBLIC "-//W3C//DTD XHTML 1.0 Transitional//EN"
    "http://www.w3.org/TR/xhtml1/DTD/xhtml1-transitional.dtd">
<html xmlns="http://www.w3.org/1999/xhtml" xml:lang="en" lang="en">
 <head>
  <title>
</title>
<meta http-equiv="Content-Type" content="text/html;charset=utf-8" />
  <meta name='ocr-system' content='tesseract 3.04.00' />
  <meta name='ocr-capabilities' content='ocr_page ocr_carea ocr_par ocr_line ocrx_word'/>
</head>
<body>
  <div class='ocr_page' id='page_1' title='image "./isaeiorationesc01isaegoog_0106.png"; bbox 0 0 2502 3930; ppageno 0'>
   <div class='ocr_carea' id='block_1_1' title="bbox 110 163 1073 236">
    <p class='ocr_par' dir='ltr' id='par_1_1' title="bbox 110 163 1073 236">
     <span class='ocr_line' id='line_1_1' title="bbox 110 163 1073 236; baseline 0.001 -20"><span class='ocrx_word' id='word_1_1' title='bbox 110 186 138 236; x_wconf 76' lang='lat' dir='ltr'><strong><em>p.</em></strong></span> <span class='ocrx_word' id='word_1_2' title='bbox 156 169 198 217; x_wconf 76' lang='grc' dir='ltr'><strong><em>ιι.</em></strong></span> <span class='ocrx_word' id='word_1_3' title='bbox 271 165 362 217; x_wconf 66' lang='lat' dir='ltr'><strong><em>num</em></strong></span> <span class='ocrx_word' id='word_1_4' title='bbox 379 164 455 216; x_wconf 79' lang='grc' dir='ltr'><strong><em>τον</em></strong></span> <span class='ocrx_word' id='word_1_5' title='bbox 471 163 733 216; x_wconf 76' lang='grc' dir='ltr'><strong><em>αιΚοΣΤΡΑνοτ</em></strong></span> <span class='ocrx_word' id='word_1_6' title='bbox 750 165 915 219; x_wconf 75' lang='grc' dir='ltr'><strong><em>ΚΛΗΡου.</em></strong></span> <span class='ocrx_word' id='word_1_7' title='bbox 1032 175 1073 235; x_wconf 84' lang='lat'><strong><em>53</em></strong></span> 
     </span>
    </p>
   </div>
   <div class='ocr_carea' id='block_1_2' title="bbox 111 325 1188 3535">
    <p class='ocr_par' dir='ltr' id='par_1_2' title="bbox 112 325 1074 428">
     <span class='ocr_line' id='line_1_2' title="bbox 112 325 1074 428; baseline 0 -20"><span class='ocrx_word' id='word_1_8' title='bbox 112 339 224 428; x_wconf 88' lang='grc' dir='ltr'><strong><em>πρῶτα</em></strong></span> <span class='ocrx_word' id='word_1_9' title='bbox 248 338 301 406; x_wconf 76' lang='grc' dir='ltr'><strong><em>ἐπὶ</em></strong></span> <span class='ocrx_word' id='word_1_10' title='bbox 323 334 363 407; x_wconf 88' lang='grc' dir='ltr'><strong><em>τά</em></strong></span> <span class='ocrx_word' id='word_1_11' title='bbox 381 333 610 423; x_wconf 74' lang='grc' dir='ltr'><strong><em>Νικοστράτου</em></strong></span> <span class='ocrx_word' id='word_1_12' title='bbox 634 333 769 427; x_wconf 77' lang='grc' dir='ltr'><strong><em>ᾄξαντες</em></strong></span> <span class='ocrx_word' id='word_1_13' title='bbox 792 325 888 406; x_wconf 81' lang='grc' dir='ltr'><strong><em>οῶτοί</em></strong></span> <span class='ocrx_word' id='word_1_14' title='bbox 910 343 989 406; x_wconf 85' lang='grc' dir='ltr'><strong><em>είσι·</em></strong></span> <span class='ocrx_word' id='word_1_15' title='bbox 1007 348 1074 408; x_wconf 87' lang='grc' dir='ltr'><strong><em>Χα-</em></strong></span> 
     </span>
    </p>

    <p class='ocr_par' dir='ltr' id='par_1_3' title="bbox 112 431 1108 628">
     <span class='ocr_line' id='line_1_3' title="bbox 112 431 1108 529; baseline 0.001 -21"><span class='ocrx_word' id='word_1_16' title='bbox 112 436 228 529; x_wconf 85' lang='grc' dir='ltr'><strong><em>ριάδης</em></strong></span> <span class='ocrx_word' id='word_1_17' title='bbox 252 437 289 506; x_wconf 72' lang='grc' dir='ltr'><strong><em>δέ</em></strong></span> <span class='ocrx_word' id='word_1_18' title='bbox 310 435 384 508; x_wconf 92' lang='grc' dir='ltr'><strong><em>τότε</em></strong></span> <span class='ocrx_word' id='word_1_19' title='bbox 399 437 461 525; x_wconf 76' lang='grc' dir='ltr'><strong><em>μὲν</em></strong></span> <span class='ocrx_word' id='word_1_20' title='bbox 478 431 629 525; x_wconf 77' lang='grc' dir='ltr'><strong><em>οὖδαμοῶ</em></strong></span> <span class='ocrx_word' id='word_1_21' title='bbox 645 431 910 526; x_wconf 80' lang='grc' dir='ltr'><strong><em>ἠμφισβήτησεν,</em></strong></span> <span class='ocrx_word' id='word_1_22' title='bbox 933 432 1075 529; x_wconf 76' lang='grc' dir='ltr'><strong><em>ὕστερον</em></strong></span> <span class='ocrx_word' id='word_1_23' title='bbox 1106 495 1108 500; x_wconf 33' lang='lat' dir='ltr'>s</span> 
     </span>
     <span class='ocr_line' id='line_1_4' title="bbox 113 531 1075 628; baseline 0 -20"><span class='ocrx_word' id='word_1_24' title='bbox 113 539 151 608; x_wconf 75' lang='grc' dir='ltr'><strong><em>δέ</em></strong></span> <span class='ocrx_word' id='word_1_25' title='bbox 172 533 213 608; x_wconf 80' lang='grc' dir='ltr'><strong><em>οό</em></strong></span> <span class='ocrx_word' id='word_1_26' title='bbox 236 534 340 625; x_wconf 83' lang='grc' dir='ltr'><strong><em>μόνον</em></strong></span> <span class='ocrx_word' id='word_1_27' title='bbox 363 532 463 616; x_wconf 76' lang='grc' dir='ltr'><strong><em>αὐτὸς</em></strong></span> <span class='ocrx_word' id='word_1_28' title='bbox 485 531 568 608; x_wconf 78' lang='grc' dir='ltr'><strong><em>ἀλλά</em></strong></span> <span class='ocrx_word' id='word_1_29' title='bbox 591 539 646 605; x_wconf 77' lang='grc' dir='ltr'><strong><em>καὶ</em></strong></span> <span class='ocrx_word' id='word_1_30' title='bbox 667 534 704 606; x_wconf 89' lang='grc' dir='ltr'><strong><em>τό</em></strong></span> <span class='ocrx_word' id='word_1_31' title='bbox 724 539 759 606; x_wconf 91' lang='grc' dir='ltr'><strong><em>έκ</em></strong></span> <span class='ocrx_word' id='word_1_32' title='bbox 775 539 833 624; x_wconf 86' lang='grc' dir='ltr'><strong><em>τῆς</em></strong></span> <span class='ocrx_word' id='word_1_33' title='bbox 851 540 982 628; x_wconf 75' lang='grc' dir='ltr'><strong><em>ἑταίρας</em></strong></span> <span class='ocrx_word' id='word_1_34' title='bbox 999 565 1075 610; x_wconf 85' lang='grc' dir='ltr'><strong><em>παι·</em></strong></span> 
     </span>
    </p>

    <p class='ocr_par' dir='ltr' id='par_1_4' title="bbox 113 625 1075 730">
     <span class='ocr_line' id='line_1_5' title="bbox 113 625 1075 730; baseline 0.003 -23"><span class='ocrx_word' id='word_1_35' title='bbox 113 639 365 708; x_wconf 86' lang='grc' dir='ltr'><strong><em>δίονείσποιῶν</em></strong></span> <span class='ocrx_word' id='word_1_36' title='bbox 390 625 483 725; x_wconf 85' lang='grc' dir='ltr'><strong><em>ῆλθε.</em></strong></span> <span class='ocrx_word' id='word_1_37' title='bbox 527 638 622 706; x_wconf 86' lang='grc' dir='ltr'><strong><em>τοῶτο</em></strong></span> <span class='ocrx_word' id='word_1_38' title='bbox 650 633 682 705; x_wconf 84' lang='grc' dir='ltr'><strong><em>δ’</em></strong></span> <span class='ocrx_word' id='word_1_39' title='bbox 709 626 752 724; x_wconf 75' lang='grc' dir='ltr'><strong><em>’ήν</em></strong></span> <span class='ocrx_word' id='word_1_40' title='bbox 777 633 869 730; x_wconf 78' lang='grc' dir='ltr'><strong><em>αὐτῷ</em></strong></span> <span class='ocrx_word' id='word_1_41' title='bbox 894 634 938 720; x_wconf 81' lang='grc' dir='ltr'><strong><em>ῶς</em></strong></span> <span class='ocrx_word' id='word_1_42' title='bbox 964 634 985 727; x_wconf 85' lang='grc' dir='ltr'><strong><em>ή</em></strong></span> <span class='ocrx_word' id='word_1_43' title='bbox 1008 641 1075 710; x_wconf 89' lang='grc' dir='ltr'><strong><em>τῶν</em></strong></span> 
     </span>
    </p>

    <p class='ocr_par' dir='ltr' id='par_1_5' title="bbox 111 730 1075 830">
     <span class='ocr_line' id='line_1_6' title="bbox 111 730 1075 830; baseline 0.002 -23"><span class='ocrx_word' id='word_1_44' title='bbox 111 735 286 830; x_wconf 77' lang='grc' dir='ltr'><strong><em>χρημάτων</em></strong></span> <span class='ocrx_word' id='word_1_45' title='bbox 308 733 586 827; x_wconf 75' lang='grc' dir='ltr'><strong><em>κληρονομήσαντι</em></strong></span> <span class='ocrx_word' id='word_1_46' title='bbox 607 730 629 824; x_wconf 85' lang='grc' dir='ltr'><strong><em>ή</em></strong></span> <span class='ocrx_word' id='word_1_47' title='bbox 650 734 686 807; x_wconf 87' lang='grc' dir='ltr'><strong><em>τό</em></strong></span> <span class='ocrx_word' id='word_1_48' title='bbox 710 742 843 808; x_wconf 88' lang='grc' dir='ltr'><strong><em>παιδίον</em></strong></span> <span class='ocrx_word' id='word_1_49' title='bbox 866 734 966 809; x_wconf 86' lang='grc' dir='ltr'><strong><em>ἀστόν</em></strong></span> <span class='ocrx_word' id='word_1_50' title='bbox 983 738 1075 828; x_wconf 89' lang='grc' dir='ltr'><strong><em>ποιή-</em></strong></span> 
     </span>
    </p>

    <p class='ocr_par' dir='ltr' id='par_1_6' title="bbox 112 827 1076 928">
     <span class='ocr_line' id='line_1_7' title="bbox 112 827 1076 928; baseline 0.002 -20"><span class='ocrx_word' id='word_1_51' title='bbox 112 858 212 908; x_wconf 91' lang='grc' dir='ltr'><strong><em>σοντι.</em></strong></span> <span class='ocrx_word' id='word_1_52' title='bbox 255 835 452 926; x_wconf 75' lang='grc' dir='ltr'><strong><em>αἰσθόμενος</em></strong></span> <span class='ocrx_word' id='word_1_53' title='bbox 477 838 514 906; x_wconf 73' lang='grc' dir='ltr'><strong><em>δὲ</em></strong></span> <span class='ocrx_word' id='word_1_54' title='bbox 536 840 591 906; x_wconf 82' lang='grc' dir='ltr'><strong><em>καὶ</em></strong></span> <span class='ocrx_word' id='word_1_55' title='bbox 608 827 703 917; x_wconf 75' lang='grc' dir='ltr'><strong><em>οὗτος</em></strong></span> <span class='ocrx_word' id='word_1_56' title='bbox 719 833 770 907; x_wconf 83' lang='grc' dir='ltr'><strong><em>ὅτι</em></strong></span> <span class='ocrx_word' id='word_1_57' title='bbox 787 839 863 927; x_wconf 81' lang='grc' dir='ltr'><strong><em>περὶ</em></strong></span> <span class='ocrx_word' id='word_1_58' title='bbox 880 843 942 908; x_wconf 84' lang='grc' dir='ltr'><strong><em>τοῶ</em></strong></span> <span class='ocrx_word' id='word_1_59' title='bbox 957 842 1076 928; x_wconf 79' lang='grc' dir='ltr'><strong><em>γένους</em></strong></span> 
     </span>
    </p>

    <p class='ocr_par' dir='ltr' id='par_1_7' title="bbox 113 933 1076 1029">
     <span class='ocr_line' id='line_1_8' title="bbox 113 933 1076 1029; baseline 0 -20"><span class='ocrx_word' id='word_1_60' title='bbox 113 935 359 1029; x_wconf 80' lang='grc' dir='ltr'><strong><em>έλεγχθήσοιτο,</em></strong></span> <span class='ocrx_word' id='word_1_61' title='bbox 377 934 439 1026; x_wconf 85' lang='grc' dir='ltr'><strong><em>τήν</em></strong></span> <span class='ocrx_word' id='word_1_62' title='bbox 455 938 516 1027; x_wconf 73' lang='grc' dir='ltr'><strong><em>μὲν</em></strong></span> <span class='ocrx_word' id='word_1_63' title='bbox 532 941 593 1007; x_wconf 75' lang='grc' dir='ltr'><strong><em>τοῦ</em></strong></span> <span class='ocrx_word' id='word_1_64' title='bbox 602 943 738 1007; x_wconf 87' lang='grc' dir='ltr'><strong><em>παιδίου</em></strong></span> <span class='ocrx_word' id='word_1_65' title='bbox 754 933 999 1028; x_wconf 79' lang='grc' dir='ltr'><strong><em>ἀμφισβήτησιν</em></strong></span> <span class='ocrx_word' id='word_1_66' title='bbox 1015 968 1076 1009; x_wconf 85' lang='grc' dir='ltr'><strong><em>τια-</em></strong></span> 
     </span>
    </p>

    <p class='ocr_par' dir='ltr' id='par_1_8' title="bbox 112 1018 969 1131">
     <span class='ocr_line' id='line_1_9' title="bbox 112 1018 969 1131; baseline 0.004 -23"><span class='ocrx_word' id='word_1_67' title='bbox 112 1018 269 1129; x_wconf 60' lang='grc' dir='ltr'><strong><em>ρέλυσελι,</em></strong></span> <span class='ocrx_word' id='word_1_68' title='bbox 289 1040 398 1131; x_wconf 74' lang='grc' dir='ltr'><strong><em>ἑαυτῷ</em></strong></span> <span class='ocrx_word' id='word_1_69' title='bbox 415 1039 453 1107; x_wconf 69' lang='grc' dir='ltr'><strong><em>δὲ</em></strong></span> <span class='ocrx_word' id='word_1_70' title='bbox 469 1035 550 1108; x_wconf 76' lang='grc' dir='ltr'><strong><em>κατὰ</em></strong></span> <span class='ocrx_word' id='word_1_71' title='bbox 569 1035 663 1108; x_wconf 89' lang='grc' dir='ltr'><strong><em>δόσιν</em></strong></span> <span class='ocrx_word' id='word_1_72' title='bbox 679 1041 969 1129; x_wconf 84' lang='grc' dir='ltr'><strong><em>παρακατέβαλεν.’</em></strong></span> 
     </span>
    </p>

    <p class='ocr_par' dir='ltr' id='par_1_9' title="bbox 111 1129 1188 3535">
     <span class='ocr_line' id='line_1_10' title="bbox 185 1129 1124 1231; baseline 0.002 -22"><span class='ocrx_word' id='word_1_73' title='bbox 185 1135 300 1229; x_wconf 79' lang='grc' dir='ltr'><strong><em>Ἐχρῆν</em></strong></span> <span class='ocrx_word' id='word_1_74' title='bbox 316 1139 378 1227; x_wconf 71' lang='grc' dir='ltr'><strong><em>μὲν</em></strong></span> <span class='ocrx_word' id='word_1_75' title='bbox 395 1129 473 1227; x_wconf 75' lang='grc' dir='ltr'><strong><em>οὖν,</em></strong></span> <span class='ocrx_word' id='word_1_76' title='bbox 493 1129 520 1208; x_wconf 88' lang='grc' dir='ltr'><strong><em>ῶ</em></strong></span> <span class='ocrx_word' id='word_1_77' title='bbox 536 1136 673 1228; x_wconf 82' lang='grc' dir='ltr'><strong><em>ἀνδρες,</em></strong></span> <span class='ocrx_word' id='word_1_78' title='bbox 690 1133 779 1220; x_wconf 86' lang='grc' dir='ltr'><strong><em>όστις</em></strong></span> <span class='ocrx_word' id='word_1_79' title='bbox 796 1139 880 1209; x_wconf 77' lang='grc' dir='ltr'><strong><em>κατὰ</em></strong></span> <span class='ocrx_word' id='word_1_80' title='bbox 893 1139 987 1211; x_wconf 89' lang='grc' dir='ltr'><strong><em>δόσιν</em></strong></span> <span class='ocrx_word' id='word_1_81' title='bbox 999 1170 1076 1231; x_wconf 81' lang='grc' dir='ltr'><strong><em>χρη·</em></strong></span> <span class='ocrx_word' id='word_1_82' title='bbox 1094 1148 1124 1199; x_wconf 91' lang='lat' dir='ltr'><strong><em>ll</em></strong></span> 
     </span>
     <span class='ocr_line' id='line_1_11' title="bbox 111 1233 1075 1328; baseline 0.001 -18"><span class='ocrx_word' id='word_1_83' title='bbox 111 1237 224 1328; x_wconf 87' lang='grc' dir='ltr'><strong><em>μάτων</em></strong></span> <span class='ocrx_word' id='word_1_84' title='bbox 246 1235 462 1328; x_wconf 71' lang='grc' dir='ltr'><strong><em>ἀμφισβητῶν</em></strong></span> <span class='ocrx_word' id='word_1_85' title='bbox 483 1233 657 1328; x_wconf 90' lang='grc' dir='ltr'><strong><em>ῆττηθείη,</em></strong></span> <span class='ocrx_word' id='word_1_86' title='bbox 682 1237 727 1328; x_wconf 85' lang='grc' dir='ltr'><strong><em>μή</em></strong></span> <span class='ocrx_word' id='word_1_87' title='bbox 748 1237 830 1309; x_wconf 79' lang='grc' dir='ltr'><strong><em>κατὰ</em></strong></span> <span class='ocrx_word' id='word_1_88' title='bbox 851 1238 888 1310; x_wconf 87' lang='grc' dir='ltr'>τό</span> <span class='ocrx_word' id='word_1_89' title='bbox 909 1243 1001 1323; x_wconf 88' lang='grc' dir='ltr'><strong><em>τέλος</em></strong></span> <span class='ocrx_word' id='word_1_90' title='bbox 1025 1251 1041 1326; x_wconf 84' lang='grc' dir='ltr'>ζ</span> <span class='ocrx_word' id='word_1_91' title='bbox 1063 1281 1075 1292; x_wconf 89' lang='grc'>·</span> 
     </span>
     <span class='ocr_line' id='line_1_12' title="bbox 112 1335 1076 1430; baseline 0.003 -20"><span class='ocrx_word' id='word_1_92' title='bbox 112 1343 288 1428; x_wconf 83' lang='grc' dir='ltr'><strong><em>μιοῶσθαι,</em></strong></span> <span class='ocrx_word' id='word_1_93' title='bbox 311 1335 384 1408; x_wconf 86' lang='grc' dir='ltr'><strong><em>ἀλλ’</em></strong></span> <span class='ocrx_word' id='word_1_94' title='bbox 405 1335 460 1428; x_wconf 80' lang='grc' dir='ltr'><strong><em>ἐφ’</em></strong></span> <span class='ocrx_word' id='word_1_95' title='bbox 477 1335 540 1408; x_wconf 76' lang='grc' dir='ltr'><strong><em>ὅσα</em></strong></span> <span class='ocrx_word' id='word_1_96' title='bbox 562 1365 623 1430; x_wconf 87' lang='grc' dir='ltr'><strong><em>περ</em></strong></span> <span class='ocrx_word' id='word_1_97' title='bbox 641 1337 824 1428; x_wconf 79' lang='grc' dir='ltr'><strong><em>ληψόμενος</em></strong></span> <span class='ocrx_word' id='word_1_98' title='bbox 841 1338 910 1430; x_wconf 84' lang='grc' dir='ltr'><strong><em>ῆει,</em></strong></span> <span class='ocrx_word' id='word_1_99' title='bbox 933 1345 1076 1413; x_wconf 77' lang='grc' dir='ltr'><strong><em>τοσαῦτα</em></strong></span> 
     </span>
     <span class='ocr_line' id='line_1_13' title="bbox 112 1434 1188 1531; baseline 0.004 -23"><span class='ocrx_word' id='word_1_100' title='bbox 112 1442 155 1528; x_wconf 80' lang='grc' dir='ltr'><strong><em>τῆ</em></strong></span> <span class='ocrx_word' id='word_1_101' title='bbox 170 1438 263 1511; x_wconf 86' lang='grc' dir='ltr'><strong><em>πόλει</em></strong></span> <span class='ocrx_word' id='word_1_102' title='bbox 279 1435 464 1509; x_wconf 88' lang='grc' dir='ltr'><strong><em>ἀποτίνειν·</em></strong></span> <span class='ocrx_word' id='word_1_103' title='bbox 483 1437 569 1508; x_wconf 82' lang='grc' dir='ltr'><strong><em>οὕτω</em></strong></span> <span class='ocrx_word' id='word_1_104' title='bbox 586 1437 649 1530; x_wconf 84' lang='grc' dir='ltr'><strong><em>γάρ</em></strong></span> <span class='ocrx_word' id='word_1_105' title='bbox 666 1434 708 1510; x_wconf 82' lang='grc' dir='ltr'><strong><em>ἀν</em></strong></span> <span class='ocrx_word' id='word_1_106' title='bbox 725 1437 804 1511; x_wconf 74' lang='grc' dir='ltr'><strong><em>οὔθ’</em></strong></span> <span class='ocrx_word' id='word_1_107' title='bbox 823 1447 857 1511; x_wconf 87' lang='grc' dir='ltr'><strong><em>οί</em></strong></span> <span class='ocrx_word' id='word_1_108' title='bbox 871 1440 966 1531; x_wconf 90' lang='grc' dir='ltr'><strong><em>νόμοι</em></strong></span> <span class='ocrx_word' id='word_1_109' title='bbox 983 1470 1076 1512; x_wconf 85' lang='grc' dir='ltr'><strong><em>κατε·</em></strong></span> <span class='ocrx_word' id='word_1_110' title='bbox 1186 1501 1188 1504; x_wconf 94' lang='grc'>.</span> 
     </span>
     <span class='ocr_line' id='line_1_14' title="bbox 112 1534 1074 1631; baseline 0.002 -21"><span class='ocrx_word' id='word_1_111' title='bbox 112 1543 299 1631; x_wconf 82' lang='grc' dir='ltr'><strong><em>φρονοῶντο</em></strong></span> <span class='ocrx_word' id='word_1_112' title='bbox 314 1535 391 1609; x_wconf 82' lang='grc' dir='ltr'><strong><em>οῶτε</em></strong></span> <span class='ocrx_word' id='word_1_113' title='bbox 403 1536 533 1627; x_wconf 78' lang='grc' dir='ltr'><strong><em>τὰγένη</em></strong></span> <span class='ocrx_word' id='word_1_114' title='bbox 544 1534 710 1629; x_wconf 79' lang='grc' dir='ltr'><strong><em>ὑβρίζετο,</em></strong></span> <span class='ocrx_word' id='word_1_115' title='bbox 728 1539 791 1631; x_wconf 87' lang='grc' dir='ltr'><strong><em>τρό</em></strong></span> <span class='ocrx_word' id='word_1_116' title='bbox 806 1543 843 1612; x_wconf 75' lang='grc' dir='ltr'><strong><em>δέ</em></strong></span> <span class='ocrx_word' id='word_1_117' title='bbox 853 1540 980 1613; x_wconf 76' lang='grc' dir='ltr'><strong><em>τούτων</em></strong></span> <span class='ocrx_word' id='word_1_118' title='bbox 997 1539 1074 1612; x_wconf 78' lang='grc' dir='ltr'><strong><em>οὐδ’</em></strong></span> 
     </span>
     <span class='ocr_line' id='line_1_15' title="bbox 112 1636 1077 1731; baseline 0.004 -22"><span class='ocrx_word' id='word_1_119' title='bbox 112 1636 155 1710; x_wconf 83' lang='grc' dir='ltr'><strong><em>ἀν</em></strong></span> <span class='ocrx_word' id='word_1_120' title='bbox 181 1643 248 1711; x_wconf 85' lang='grc' dir='ltr'><strong><em>τῶν</em></strong></span> <span class='ocrx_word' id='word_1_121' title='bbox 269 1637 464 1710; x_wconf 72' lang='grc' dir='ltr'><strong><em>τεθνεώτων</em></strong></span> <span class='ocrx_word' id='word_1_122' title='bbox 491 1636 602 1721; x_wconf 78' lang='grc' dir='ltr'><strong><em>οὐδεὶς</em></strong></span> <span class='ocrx_word' id='word_1_123' title='bbox 628 1639 859 1724; x_wconf 80' lang='grc' dir='ltr'><strong><em>κατεψεύδετο.</em></strong></span> <span class='ocrx_word' id='word_1_124' title='bbox 901 1641 1014 1731; x_wconf 82' lang='grc' dir='ltr'><strong><em>ἐπειδή</em></strong></span> <span class='ocrx_word' id='word_1_125' title='bbox 1039 1644 1077 1713; x_wconf 72' lang='grc' dir='ltr'><strong><em>δὲ</em></strong></span> 
     </span>
     <span class='ocr_line' id='line_1_16' title="bbox 113 1735 1076 1830; baseline 0.005 -21"><span class='ocrx_word' id='word_1_126' title='bbox 113 1737 214 1809; x_wconf 77' lang='grc' dir='ltr'><strong><em>ἅπασι</em></strong></span> <span class='ocrx_word' id='word_1_127' title='bbox 237 1742 292 1810; x_wconf 84' lang='grc' dir='ltr'><strong><em>καλ</em></strong></span> <span class='ocrx_word' id='word_1_128' title='bbox 313 1743 381 1809; x_wconf 91' lang='grc' dir='ltr'><strong><em>τῶν</em></strong></span> <span class='ocrx_word' id='word_1_129' title='bbox 398 1736 580 1829; x_wconf 89' lang='grc' dir='ltr'><strong><em>ἀλλοτρίων</em></strong></span> <span class='ocrx_word' id='word_1_130' title='bbox 597 1735 768 1830; x_wconf 81' lang='grc' dir='ltr'><strong><em>ἀπάντων,</em></strong></span> <span class='ocrx_word' id='word_1_131' title='bbox 787 1738 866 1812; x_wconf 84' lang='grc' dir='ltr'><strong><em>καθ’</em></strong></span> <span class='ocrx_word' id='word_1_132' title='bbox 884 1739 904 1812; x_wconf 84' lang='grc' dir='ltr'><strong><em>ό</em></strong></span> <span class='ocrx_word' id='word_1_133' title='bbox 920 1771 951 1812; x_wconf 90' lang='grc' dir='ltr'><strong><em>τι</em></strong></span> <span class='ocrx_word' id='word_1_134' title='bbox 968 1739 1010 1814; x_wconf 83' lang='grc' dir='ltr'><strong><em>ἀν</em></strong></span> <span class='ocrx_word' id='word_1_135' title='bbox 1027 1772 1076 1825; x_wconf 89' lang='grc' dir='ltr'><strong><em>τις</em></strong></span> 
     </span>
     <span class='ocr_line' id='line_1_17' title="bbox 113 1836 1076 1934; baseline 0.004 -25"><span class='ocrx_word' id='word_1_136' title='bbox 113 1838 289 1928; x_wconf 79' lang='grc' dir='ltr'><strong><em>βούληται,</em></strong></span> <span class='ocrx_word' id='word_1_137' title='bbox 311 1836 531 1928; x_wconf 78' lang='grc' dir='ltr'><strong><em>ἀμφισβητεῖν</em></strong></span> <span class='ocrx_word' id='word_1_138' title='bbox 555 1843 696 1929; x_wconf 83' lang='grc' dir='ltr'><strong><em>ἔξεστιν,</em></strong></span> <span class='ocrx_word' id='word_1_139' title='bbox 724 1836 810 1930; x_wconf 78' lang='grc' dir='ltr'><strong><em>ὑμᾶς</em></strong></span> <span class='ocrx_word' id='word_1_140' title='bbox 833 1840 894 1933; x_wconf 82' lang='grc' dir='ltr'><strong><em>χρῆ</em></strong></span> <span class='ocrx_word' id='word_1_141' title='bbox 918 1846 994 1934; x_wconf 81' lang='grc' dir='ltr'><strong><em>περὶ</em></strong></span> <span class='ocrx_word' id='word_1_142' title='bbox 1018 1841 1076 1913; x_wconf 83' lang='grc' dir='ltr'><strong><em>αό-</em></strong></span> 
     </span>
     <span class='ocr_line' id='line_1_18' title="bbox 113 1934 1077 2032; baseline 0.005 -23"><span class='ocrx_word' id='word_1_143' title='bbox 113 1942 181 2010; x_wconf 91' lang='grc' dir='ltr'><strong><em>τῶν</em></strong></span> <span class='ocrx_word' id='word_1_144' title='bbox 205 1936 249 2020; x_wconf 86' lang='grc' dir='ltr'><strong><em>ῶς</em></strong></span> <span class='ocrx_word' id='word_1_145' title='bbox 272 1934 344 2010; x_wconf 80' lang='grc' dir='ltr'><strong><em>οἷόν</em></strong></span> <span class='ocrx_word' id='word_1_146' title='bbox 366 1936 398 2008; x_wconf 90' lang='grc' dir='ltr'><strong><em>τ’</em></strong></span> <span class='ocrx_word' id='word_1_147' title='bbox 417 1935 634 2029; x_wconf 88' lang='grc' dir='ltr'><strong><em>ἀκριβέστατα</em></strong></span> <span class='ocrx_word' id='word_1_148' title='bbox 652 1939 808 2025; x_wconf 80' lang='grc' dir='ltr'><strong><em>έξετάζειν</em></strong></span> <span class='ocrx_word' id='word_1_149' title='bbox 833 1944 888 2013; x_wconf 83' lang='grc' dir='ltr'><strong><em>καί</em></strong></span> <span class='ocrx_word' id='word_1_150' title='bbox 905 1945 1012 2032; x_wconf 70' lang='grc' dir='ltr'><strong><em>μηδὲν</em></strong></span> <span class='ocrx_word' id='word_1_151' title='bbox 1030 1951 1077 2025; x_wconf 89' lang='grc' dir='ltr'><strong><em>είς</em></strong></span> 
     </span>
     <span class='ocr_line' id='line_1_19' title="bbox 111 2036 1126 2131; baseline 0.004 -21"><span class='ocrx_word' id='word_1_152' title='bbox 111 2036 193 2110; x_wconf 79' lang='grc' dir='ltr'><strong><em>ὅσον</em></strong></span> <span class='ocrx_word' id='word_1_153' title='bbox 217 2037 366 2110; x_wconf 75' lang='grc' dir='ltr'><strong><em>δύνασθε</em></strong></span> <span class='ocrx_word' id='word_1_154' title='bbox 389 2047 612 2130; x_wconf 76' lang='grc' dir='ltr'><strong><em>παραλείπειν.</em></strong></span> <span class='ocrx_word' id='word_1_155' title='bbox 655 2044 691 2110; x_wconf 85' lang='grc' dir='ltr'><strong><em>έν</em></strong></span> <span class='ocrx_word' id='word_1_156' title='bbox 712 2040 827 2131; x_wconf 89' lang='grc' dir='ltr'><strong><em>μόναις</em></strong></span> <span class='ocrx_word' id='word_1_157' title='bbox 850 2044 888 2112; x_wconf 68' lang='grc' dir='ltr'><strong><em>δὲ</em></strong></span> <span class='ocrx_word' id='word_1_158' title='bbox 914 2060 987 2124; x_wconf 85' lang='grc' dir='ltr'><strong><em>ταῖς</em></strong></span> <span class='ocrx_word' id='word_1_159' title='bbox 1009 2047 1076 2114; x_wconf 89' lang='grc' dir='ltr'><strong><em>τῶν</em></strong></span> <span class='ocrx_word' id='word_1_160' title='bbox 1094 2053 1126 2105; x_wconf 83' lang='lat'><strong><em>12</em></strong></span> 
     </span>
     <span class='ocr_line' id='line_1_20' title="bbox 113 2137 1076 2233; baseline 0.003 -23"><span class='ocrx_word' id='word_1_161' title='bbox 113 2137 246 2231; x_wconf 80' lang='grc' dir='ltr'><strong><em>κλήρων</em></strong></span> <span class='ocrx_word' id='word_1_162' title='bbox 270 2147 464 2228; x_wconf 71' lang='grc' dir='ltr'><strong><em>εἰσαγωγαῖς</em></strong></span> <span class='ocrx_word' id='word_1_163' title='bbox 490 2147 590 2210; x_wconf 89' lang='grc' dir='ltr'><strong><em>δοκεῖ</em></strong></span> <span class='ocrx_word' id='word_1_164' title='bbox 608 2167 663 2230; x_wconf 88' lang='grc' dir='ltr'><strong><em>μοι</em></strong></span> <span class='ocrx_word' id='word_1_165' title='bbox 685 2139 864 2230; x_wconf 78' lang='grc' dir='ltr'><strong><em>προσήκειν</em></strong></span> <span class='ocrx_word' id='word_1_166' title='bbox 891 2151 1076 2233; x_wconf 85' lang='grc' dir='ltr'><strong><em>τεκμηρίοις</em></strong></span> 
     </span>
     <span class='ocr_line' id='line_1_21' title="bbox 112 2235 1077 2333; baseline 0.003 -23"><span class='ocrx_word' id='word_1_167' title='bbox 112 2244 237 2330; x_wconf 76' lang='grc' dir='ltr'><strong><em>μᾶλλον</em></strong></span> <span class='ocrx_word' id='word_1_168' title='bbox 259 2235 280 2328; x_wconf 86' lang='grc' dir='ltr'><strong><em>ῆ</em></strong></span> <span class='ocrx_word' id='word_1_169' title='bbox 301 2238 441 2331; x_wconf 84' lang='grc' dir='ltr'><strong><em>μ’ἀρτυσι</em></strong></span> <span class='ocrx_word' id='word_1_170' title='bbox 462 2238 639 2313; x_wconf 80' lang='grc' dir='ltr'><strong><em>πιστεύειν.</em></strong></span> <span class='ocrx_word' id='word_1_171' title='bbox 681 2244 757 2331; x_wconf 84' lang='grc' dir='ltr'><strong><em>περὶ</em></strong></span> <span class='ocrx_word' id='word_1_172' title='bbox 779 2242 841 2330; x_wconf 72' lang='grc' dir='ltr'><strong><em>μὲν</em></strong></span> <span class='ocrx_word' id='word_1_173' title='bbox 856 2239 919 2333; x_wconf 87' lang='grc' dir='ltr'><strong><em>γάρ</em></strong></span> <span class='ocrx_word' id='word_1_174' title='bbox 936 2245 1004 2313; x_wconf 91' lang='grc' dir='ltr'><strong><em>τῶν</em></strong></span> <span class='ocrx_word' id='word_1_175' title='bbox 1021 2242 1077 2313; x_wconf 81' lang='grc' dir='ltr'><strong><em>ἀλ-</em></strong></span> 
     </span>
     <span class='ocr_line' id='line_1_22' title="bbox 113 2337 1078 2431; baseline 0.003 -21"><span class='ocrx_word' id='word_1_176' title='bbox 113 2350 182 2412; x_wconf 90' lang='grc' dir='ltr'><strong><em>λων</em></strong></span> <span class='ocrx_word' id='word_1_177' title='bbox 209 2347 421 2431; x_wconf 88' lang='grc' dir='ltr'><strong><em>συμβολαίων</em></strong></span> <span class='ocrx_word' id='word_1_178' title='bbox 448 2339 488 2411; x_wconf 84' lang='grc' dir='ltr'><strong><em>οό</em></strong></span> <span class='ocrx_word' id='word_1_179' title='bbox 517 2339 606 2412; x_wconf 79' lang='grc' dir='ltr'><strong><em>πάνυ</em></strong></span> <span class='ocrx_word' id='word_1_180' title='bbox 635 2337 777 2430; x_wconf 82' lang='grc' dir='ltr'><strong><em>χαλεπόν</em></strong></span> <span class='ocrx_word' id='word_1_181' title='bbox 805 2339 882 2423; x_wconf 85' lang='grc' dir='ltr'><strong><em>τοός</em></strong></span> <span class='ocrx_word' id='word_1_182' title='bbox 904 2340 944 2413; x_wconf 83' lang='grc' dir='ltr'><strong><em>τά</em></strong></span> <span class='ocrx_word' id='word_1_183' title='bbox 966 2347 1078 2431; x_wconf 74' lang='grc' dir='ltr'><strong><em>ψευδῆ</em></strong></span> 
     </span>
     <span class='ocr_line' id='line_1_23' title="bbox 113 2439 1079 2534; baseline 0.003 -24"><span class='ocrx_word' id='word_1_184' title='bbox 113 2444 362 2532; x_wconf 76' lang='grc' dir='ltr'><strong><em>μαρτυροῦντας</em></strong></span> <span class='ocrx_word' id='word_1_185' title='bbox 380 2443 537 2532; x_wconf 82' lang='grc' dir='ltr'><strong><em>ἐλέγχειν·</em></strong></span> <span class='ocrx_word' id='word_1_186' title='bbox 556 2445 674 2526; x_wconf 80' lang='grc' dir='ltr'><strong><em>ζῶντος</em></strong></span> <span class='ocrx_word' id='word_1_187' title='bbox 690 2439 752 2531; x_wconf 86' lang='grc' dir='ltr'><strong><em>γάρ</em></strong></span> <span class='ocrx_word' id='word_1_188' title='bbox 770 2445 825 2510; x_wconf 79' lang='grc' dir='ltr'><strong><em>καὶ</em></strong></span> <span class='ocrx_word' id='word_1_189' title='bbox 842 2441 1003 2534; x_wconf 90' lang='grc' dir='ltr'><strong><em>παρόντος</em></strong></span> <span class='ocrx_word' id='word_1_190' title='bbox 1018 2447 1079 2513; x_wconf 86' lang='grc' dir='ltr'><strong><em>τοῶ</em></strong></span> 
     </span>
     <span class='ocr_line' id='line_1_24' title="bbox 113 2539 1079 2632; baseline 0.004 -22"><span class='ocrx_word' id='word_1_191' title='bbox 113 2539 296 2631; x_wconf 79' lang='grc' dir='ltr'><strong><em>πράξαντος</em></strong></span> <span class='ocrx_word' id='word_1_192' title='bbox 324 2546 624 2632; x_wconf 86' lang='grc' dir='ltr'><strong><em>καταμαρτυροῶσι·</em></strong></span> <span class='ocrx_word' id='word_1_193' title='bbox 653 2544 728 2631; x_wconf 80' lang='grc' dir='ltr'><strong><em>περὶ</em></strong></span> <span class='ocrx_word' id='word_1_194' title='bbox 752 2543 789 2612; x_wconf 72' lang='grc' dir='ltr'><strong><em>δέ</em></strong></span> <span class='ocrx_word' id='word_1_195' title='bbox 810 2544 878 2612; x_wconf 90' lang='grc' dir='ltr'><strong><em>τῶν</em></strong></span> <span class='ocrx_word' id='word_1_196' title='bbox 907 2548 1079 2631; x_wconf 80' lang='grc' dir='ltr'><strong><em>διαθηκῶν</em></strong></span> 
     </span>
     <span class='ocr_line' id='line_1_25' title="bbox 113 2637 1078 2734; baseline 0 -22"><span class='ocrx_word' id='word_1_197' title='bbox 113 2644 185 2722; x_wconf 91' lang='grc' dir='ltr'><strong><em>πῶς</em></strong></span> <span class='ocrx_word' id='word_1_198' title='bbox 209 2639 251 2711; x_wconf 78' lang='grc' dir='ltr'><strong><em>όν</em></strong></span> <span class='ocrx_word' id='word_1_199' title='bbox 272 2671 321 2723; x_wconf 93' lang='grc' dir='ltr'><strong><em>τις</em></strong></span> <span class='ocrx_word' id='word_1_200' title='bbox 344 2649 440 2730; x_wconf 90' lang='grc' dir='ltr'><strong><em>γνοίη</em></strong></span> <span class='ocrx_word' id='word_1_201' title='bbox 462 2639 539 2723; x_wconf 74' lang='grc' dir='ltr'><strong><em>τοὺς</em></strong></span> <span class='ocrx_word' id='word_1_202' title='bbox 562 2639 606 2731; x_wconf 88' lang='grc' dir='ltr'><strong><em>μῆ</em></strong></span> <span class='ocrx_word' id='word_1_203' title='bbox 627 2637 757 2729; x_wconf 84' lang='grc' dir='ltr'><strong><em>τάληθῆ</em></strong></span> <span class='ocrx_word' id='word_1_204' title='bbox 779 2644 949 2732; x_wconf 90' lang='grc' dir='ltr'><strong><em>λέγοντας,</em></strong></span> <span class='ocrx_word' id='word_1_205' title='bbox 981 2651 1011 2712; x_wconf 88' lang='grc' dir='ltr'><strong><em>εί</em></strong></span> <span class='ocrx_word' id='word_1_206' title='bbox 1033 2642 1078 2734; x_wconf 86' lang='grc' dir='ltr'><strong><em>μή</em></strong></span> 
     </span>
     <span class='ocr_line' id='line_1_26' title="bbox 113 2731 1080 2834; baseline 0.002 -22"><span class='ocrx_word' id='word_1_207' title='bbox 113 2731 206 2812; x_wconf 76' lang='grc' dir='ltr'><strong><em>πάνυ</em></strong></span> <span class='ocrx_word' id='word_1_208' title='bbox 222 2741 347 2831; x_wconf 80' lang='grc' dir='ltr'><strong><em>μεγάλα</em></strong></span> <span class='ocrx_word' id='word_1_209' title='bbox 363 2739 404 2812; x_wconf 82' lang='grc' dir='ltr'><strong><em>τά</em></strong></span> <span class='ocrx_word' id='word_1_210' title='bbox 422 2744 622 2834; x_wconf 87' lang='grc' dir='ltr'><strong><em>διαφέροντα</em></strong></span> <span class='ocrx_word' id='word_1_211' title='bbox 640 2753 707 2830; x_wconf 87' lang='grc' dir='ltr'><strong><em>είη,</em></strong></span> <span class='ocrx_word' id='word_1_212' title='bbox 733 2738 837 2812; x_wconf 83' lang='grc' dir='ltr'><strong><em>αότοῶ</em></strong></span> <span class='ocrx_word' id='word_1_213' title='bbox 853 2743 914 2830; x_wconf 73' lang='grc' dir='ltr'><strong><em>μὲν</em></strong></span> <span class='ocrx_word' id='word_1_214' title='bbox 931 2741 1012 2813; x_wconf 89' lang='grc' dir='ltr'><strong><em>καθ’</em></strong></span> <span class='ocrx_word' id='word_1_215' title='bbox 1037 2735 1080 2814; x_wconf 81' lang='grc' dir='ltr'><strong><em>οῶ</em></strong></span> 
     </span>
     <span class='ocr_line' id='line_1_27' title="bbox 113 2843 1079 2933; baseline 0.003 -21"><span class='ocrx_word' id='word_1_216' title='bbox 113 2845 318 2933; x_wconf 74' lang='grc' dir='ltr'><strong><em>μαρτυροῦσι</em></strong></span> <span class='ocrx_word' id='word_1_217' title='bbox 334 2846 532 2932; x_wconf 84' lang='grc' dir='ltr'><strong><em>τεθνεῶτος,</em></strong></span> <span class='ocrx_word' id='word_1_218' title='bbox 555 2845 623 2914; x_wconf 89' lang='grc' dir='ltr'><strong><em>τῶν</em></strong></span> <span class='ocrx_word' id='word_1_219' title='bbox 641 2843 678 2913; x_wconf 74' lang='grc' dir='ltr'><strong><em>δὲ</em></strong></span> <span class='ocrx_word' id='word_1_220' title='bbox 700 2846 872 2930; x_wconf 72' lang='grc' dir='ltr'><strong><em>συγγενῶν</em></strong></span> <span class='ocrx_word' id='word_1_221' title='bbox 889 2845 994 2932; x_wconf 64' lang='grc' dir='ltr'><strong><em>μηδὲν</em></strong></span> <span class='ocrx_word' id='word_1_222' title='bbox 1011 2849 1079 2915; x_wconf 88' lang='grc' dir='ltr'><strong><em>τῶν</em></strong></span> 
     </span>
     <span class='ocr_line' id='line_1_28' title="bbox 114 2941 1078 3036; baseline 0.002 -24"><span class='ocrx_word' id='word_1_223' title='bbox 114 2944 357 3033; x_wconf 79' lang='grc' dir='ltr'><strong><em>πεπραγμένων</em></strong></span> <span class='ocrx_word' id='word_1_224' title='bbox 370 2941 522 3033; x_wconf 80' lang='grc' dir='ltr'><strong><em>εἰδότων,</em></strong></span> <span class='ocrx_word' id='word_1_225' title='bbox 541 2945 601 3014; x_wconf 77' lang='grc' dir='ltr'><strong><em>τοῦ</em></strong></span> <span class='ocrx_word' id='word_1_226' title='bbox 613 2944 651 3013; x_wconf 70' lang='grc' dir='ltr'><strong><em>δέ</em></strong></span> <span class='ocrx_word' id='word_1_227' title='bbox 668 2946 801 3032; x_wconf 77' lang='grc' dir='ltr'><strong><em>ἐλέγχου</em></strong></span> <span class='ocrx_word' id='word_1_228' title='bbox 812 2947 969 3033; x_wconf 75' lang='grc' dir='ltr'><strong><em>μηδαμῶς</em></strong></span> <span class='ocrx_word' id='word_1_229' title='bbox 987 2941 1078 3036; x_wconf 83' lang='grc' dir='ltr'><strong><em>ἀκρι-</em></strong></span> 
     </span>
     <span class='ocr_line' id='line_1_29' title="bbox 115 3033 1129 3135; baseline 0 -23"><span class='ocrx_word' id='word_1_230' title='bbox 115 3046 199 3131; x_wconf 84' lang='grc' dir='ltr'><strong><em>βοῶς</em></strong></span> <span class='ocrx_word' id='word_1_231' title='bbox 214 3046 430 3132; x_wconf 69' lang='grc' dir='ltr'><strong><em>γιγνομένους</em></strong></span> <span class='ocrx_word' id='word_1_232' title='bbox 454 3051 501 3114; x_wconf 89' lang='grc' dir='ltr'><strong><em>έτι</em></strong></span> <span class='ocrx_word' id='word_1_233' title='bbox 525 3046 579 3132; x_wconf 87' lang='grc' dir='ltr'><strong><em>δέ,</em></strong></span> <span class='ocrx_word' id='word_1_234' title='bbox 603 3033 783 3135; x_wconf 84' lang='grc' dir='ltr'><strong><em>ῶάνδρες,</em></strong></span> <span class='ocrx_word' id='word_1_235' title='bbox 807 3047 953 3115; x_wconf 78' lang='grc' dir='ltr'><strong><em>καὶτῶν</em></strong></span> <span class='ocrx_word' id='word_1_236' title='bbox 978 3051 1079 3116; x_wconf 89' lang='grc' dir='ltr'><strong><em>διατι·</em></strong></span> <span class='ocrx_word' id='word_1_237' title='bbox 1097 3059 1129 3113; x_wconf 84' lang='grc'><strong><em>13</em></strong></span> 
     </span>
     <span class='ocr_line' id='line_1_30' title="bbox 115 3141 1080 3236; baseline 0.001 -22"><span class='ocrx_word' id='word_1_238' title='bbox 115 3146 270 3233; x_wconf 77' lang='grc' dir='ltr'><strong><em>θεμένων</em></strong></span> <span class='ocrx_word' id='word_1_239' title='bbox 287 3147 322 3212; x_wconf 83' lang='grc' dir='ltr'><strong><em>οί</em></strong></span> <span class='ocrx_word' id='word_1_240' title='bbox 336 3145 450 3214; x_wconf 81' lang='grc' dir='ltr'><strong><em>πολλοὶ</em></strong></span> <span class='ocrx_word' id='word_1_241' title='bbox 462 3141 542 3214; x_wconf 72' lang='grc' dir='ltr'><strong><em>οὐδὲ</em></strong></span> <span class='ocrx_word' id='word_1_242' title='bbox 559 3147 692 3232; x_wconf 87' lang='grc' dir='ltr'><strong><em>λέγουσι</em></strong></span> <span class='ocrx_word' id='word_1_243' title='bbox 702 3161 770 3226; x_wconf 90' lang='grc' dir='ltr'><strong><em>τοῖς</em></strong></span> <span class='ocrx_word' id='word_1_244' title='bbox 787 3147 1080 3236; x_wconf 82' lang='grc' dir='ltr'><strong><em>παραγιγνομένοις</em></strong></span> 
     </span>
     <span class='ocr_line' id='line_1_31' title="bbox 115 3239 1081 3334; baseline 0.002 -20"><span class='ocrx_word' id='word_1_245' title='bbox 115 3239 136 3314; x_wconf 84' lang='grc' dir='ltr'><strong><em>ό</em></strong></span> <span class='ocrx_word' id='word_1_246' title='bbox 152 3271 184 3312; x_wconf 92' lang='grc' dir='ltr'><strong><em>τι</em></strong></span> <span class='ocrx_word' id='word_1_247' title='bbox 203 3247 423 3332; x_wconf 70' lang='grc' dir='ltr'><strong><em>διατίθενται,</em></strong></span> <span class='ocrx_word' id='word_1_248' title='bbox 442 3240 515 3314; x_wconf 87' lang='grc' dir='ltr'><strong><em>ἀλλ’</em></strong></span> <span class='ocrx_word' id='word_1_249' title='bbox 541 3241 646 3315; x_wconf 83' lang='grc' dir='ltr'><strong><em>αότοῶ</em></strong></span> <span class='ocrx_word' id='word_1_250' title='bbox 662 3242 782 3334; x_wconf 89' lang='grc' dir='ltr'><strong><em>μόνον,</em></strong></span> <span class='ocrx_word' id='word_1_251' title='bbox 805 3248 867 3315; x_wconf 88' lang='grc' dir='ltr'><strong><em>τοῶ</em></strong></span> <span class='ocrx_word' id='word_1_252' title='bbox 888 3253 1081 3316; x_wconf 79' lang='grc' dir='ltr'><strong><em>καταλιπεῖν</em></strong></span> 
     </span>
     <span class='ocr_line' id='line_1_32' title="bbox 119 3341 1176 3436; baseline 0.002 -23"><span class='ocrx_word' id='word_1_253' title='bbox 119 3341 298 3433; x_wconf 88' lang='grc' dir='ltr'><strong><em>διαθήκας,</em></strong></span> <span class='ocrx_word' id='word_1_254' title='bbox 334 3342 500 3436; x_wconf 79' lang='grc' dir='ltr'><strong><em>μάρτυρας</em></strong></span> <span class='ocrx_word' id='word_1_255' title='bbox 527 3353 758 3435; x_wconf 84' lang='grc' dir='ltr'><strong><em>παρίστανται,</em></strong></span> <span class='ocrx_word' id='word_1_256' title='bbox 787 3350 848 3415; x_wconf 86' lang='grc' dir='ltr'><strong><em>τοῶ</em></strong></span> <span class='ocrx_word' id='word_1_257' title='bbox 877 3347 913 3414; x_wconf 75' lang='grc' dir='ltr'><strong><em>δέ</em></strong></span> <span class='ocrx_word' id='word_1_258' title='bbox 942 3352 1081 3434; x_wconf 90' lang='grc' dir='ltr'><strong><em>συμβαί-</em></strong></span> <span class='ocrx_word' id='word_1_259' title='bbox 1173 3429 1176 3436; x_wconf 22' lang='lat'><strong>⁴</strong></span> 
     </span>
     <span class='ocr_line' id='line_1_33' title="bbox 116 3441 1082 3535; baseline 0 -19"><span class='ocrx_word' id='word_1_260' title='bbox 116 3442 234 3525; x_wconf 87' lang='grc' dir='ltr'><strong><em>νοντός</em></strong></span> <span class='ocrx_word' id='word_1_261' title='bbox 253 3447 320 3517; x_wconf 88' lang='grc' dir='ltr'><strong><em>έστι</em></strong></span> <span class='ocrx_word' id='word_1_262' title='bbox 337 3447 393 3514; x_wconf 81' lang='grc' dir='ltr'><strong><em>καὶ</em></strong></span> <span class='ocrx_word' id='word_1_263' title='bbox 409 3461 630 3535; x_wconf 87' lang='grc' dir='ltr'><strong><em>γραμματεῖον</em></strong></span> <span class='ocrx_word' id='word_1_264' title='bbox 648 3441 829 3534; x_wconf 75' lang='grc' dir='ltr'><strong><em>ἀλλαγῆναι</em></strong></span> <span class='ocrx_word' id='word_1_265' title='bbox 852 3449 907 3516; x_wconf 84' lang='grc' dir='ltr'><strong><em>καλ</em></strong></span> <span class='ocrx_word' id='word_1_266' title='bbox 924 3443 1082 3516; x_wconf 86' lang='grc' dir='ltr'><strong><em>τάναντία</em></strong></span> 
     </span>
    </p>
   </div>
   <div class='ocr_carea' id='block_1_3' title="bbox 0 0 1263 3930">
    <p class='ocr_par' dir='ltr' id='par_1_10' title="bbox 0 0 1263 3930">
     <span class='ocr_line' id='line_1_34' title="bbox 0 0 1263 3930; baseline 0 0"><span class='ocrx_word' id='word_1_267' title='bbox 0 0 1263 3930; x_wconf 95' lang='lat' dir='ltr'><strong><em> </em></strong></span> 
     </span>
    </p>
   </div>
  </div>
 </body>
</html>
