2502 3930
99 185 125 234 1>-
143 167 186 226 ω.
312 167 402 218 nm
420 165 496 218 τον
512 166 666 236 ανεεον
683 165 846 217 κααεον.
1017 170 1057 234 35

172 334 226 418 Ὡς
244 337 305 426 μὲν
322 345 437 408 τοίνυν
453 327 496 426 ἦν
513 334 607 424 κοινὴ
624 341 670 430 τῳ
681 339 882 429 βουλομένῳ,
900 331 944 423 ἢν
955 325 1056 416 ούτος
1075 352 1108 404 16

103 441 301 560 ἐγγυῆσαι
270 441 317 507 τά
326 433 474 530 ἡμετέρῳ
484 445 569 530 θείῳ
580 435 819 528 μεμαρτύρηκε,
836 434 1056 526 μνημονεύειν

102 537 162 663 χρὴ
190 533 252 626 ὑφ’
276 533 367 610 ὅσων
388 533 470 626 ύμῖν
495 536 754 659 μεμαρτύρηται,
785 534 887 606 καὶ”
868 565 917 607 οτι
940 532 1056 607 ούέενὶ

12 656 15 665 “
101 636 190 731 ἄλλῳ
214 641 417 734 ἐγγυηθείσα
438 634 519 707 οὐδὲ
510 635 765 759 συνοικήσασμ
782 645 950 726 φαίνεται
983 658 1056 706 σκε-

103 737 245 828 λιτόμεθα
264 739 300 807 δὲ
317 767 372 810 και
362 727 469 824 Μέξ
441 766 489 808 ων.
506 735 548 812 άν
564 767 613 818 τις
630 733 848 827 ύτωνοησειεν
867 735 989 859 ἐγγύην
1005 764 1057 824 γε-

102 843 222 909 νέσθαι
244 836 396 926 τοιαύτης
419 837 653 930 γυναικός,.,εί
675 834 739 960 ἄρα
765 840 822 908 καὶ
844 866 890 930 τῳ
879 833 1057 963 ἡμετέρῳ

102 947 186 1032 θείῳ
209 937 358 1008 τοιοῦτόν
379 968 410 1008 τι
433 940 650 1028 συμβέβηκεν.
694 935 758 1026 ηδη
787 936 850 1028 γάρ
879 965 974 1018 τινες.
989 939 1057 1009 νέοι
1077 953 1108 1003 17

102 1037 274 1128 α”νθρωποι
304 1036 566 1159 ἐπιθυμήσαντες
594 1037 753 1109 τοιούτων
780 1066 967 1166 γυναικων,
1002 1040 1058 1108 καὶ

103 1135 251 1230 άκρατως
270 1145 397 1228 ἔχοντες
419 1133 547 1228 αύτων,
574 1143 813 1259 ἐπείσθησαγ
798 1134 860 1208 ὑπ’
878 1135 991 1220 άνοίας
1012 1125 1058 1216 είς

102 1234 222 1320 αύτούς
245 1237 394 1310 τοιοῦτόν
421 1267 460 1308 τι
483 1238 683 1330 ἐξαμαρτεῖν
724 1237 831 1310 πόθεν
851 1227 920 1314 ούν
947 1235 988 1310 άν
1010 1265 1059 1318 τις

102 1343 305 1457 σαῳέστερον
322 1347 417 1428 γνοίη
435 1338 670 1429 περὶτούτων,
693 1334 714 1428 ἢ
738 1346 781 1408 ἐκ
795 1365 831 1408 τε
853 1367 919 1409 των
936 1367 1057 1429 μαρτυ-

103 1469 186 1527 ριων
211 1443 277 1510 των
305 1437 431 1521 τούτοις
448 1442 759 1610 μεμαρτυρημένων
788 1443 824 1508 έν
851 1468 891 1528 τη
917 1441 1057 1530 προτέρᾳ

104 1547 180 1629 δίκη
204 1542 258 1610 καὶ
283 1543 319 1610 ἐκ
341 1569 407 1610 των
431 1538 567 1614 εἰκότων
589 1569 658 1662 τωρ
680 1535 816 1630 περλ’
774 1537 854 1610 αυτὸ
871 1537 908 1608 τό
898 1541 1059 1660 πρᾶγμα
1166 1595 1169 1600 .

101 1631 322 1767 σκεψάμενοςς
341 1644 543 1732 ἐνθυμεῖσθε
562 1637 651 1709 δέ
614 1669 675 1728 την
691 1629 910 1712 άναίδειαν
883 1667 930 1711 ων
946 1641 1058 1725 λέγου-
1079 1658 1109 1707 18

100 1763 166 1810 σιν.
199 1735 217 1810 ὁ
241 1742 302 1859 μὲν
324 1736 386 1829 γάρ
411 1742 533 1861 ε’χγυῳν
556 1741 685 1828 μέλλων
703 1737 799 1820 είς
765 1768 824 1810 τον
846 1737 1058 1829 τριτάλαντον

99 1840 213 1958 οἷαρν,
232 1867 275 1919 ως
292 1861 390 1928 φησι,
408 1868 470 1927 την
487 1835 653 1930 άὸελφην,
680 1838 955 1931 διαπραττόμενος
972 1848 1058 1926 τηλι-

101 1944 208 2010 καύτα
227 1943 286 2009 ἕνα
302 1937 451 2031 μάρτυρα
469 1957 621 2068 παρεῖναι
631 1935 729 2032 αὖτῳ
718 1944 938 2062 Πμρετίὸην
960 1961 1058 2028 προσ-

103 2039 290 2168 εποιχσατο,
308 2043 364 2110 καὶ
374 2039 493 2162 τούτρυ
506 2043 686 2132 ἐκμαρτυρί
682 2070 726 2110 αν
671 2037 793 2110 ίέπ’
807 2044 915 2128 ἐκείνη
928 2067 968 2129 τη
957 2042 1062 2161 ὃίκχγ

100 2143 304 2230 παρέσχοντο
321 2129 427 2210 ούτοι
446 2168 488 2228 ην
499 2148 685 2232 Πυρετίδης
703 2169 765 2210 ουκ
774 2136 1044 2212 αναὸέδεκται
988 2168 1059 2208 αυ-

99 2257 187 2328 τοῖς,
206 2236 286 2310 οὐδὲ
303 2235 457 2362 ὁμολογεῖ
471 2245 689 2332 μαρτυρῆσαι
693 2237 776 2361 ρύὸἐ
793 2243 917 2311 εἰδέναι
933 2238 1061 2334 τούτων

99 2335 261 2428 άληθές
243 2369 283 2410 ον
300 2337 410 2411 οὐδέν.
442 2344 550 2463 μέγα
549 2343 586 2411 δὲ
609 2369 783 2431 τεκμηρίου
808 2369 853 2421 ως
870 2367 1063 2434 περιῳανως
1079 2365 1121 2416 19·

98 2437 266 2528 ψευδη
230 2469 291 2529 την
308 2448 491 2531 μαρτυρίαν
508 2430 599 2512 οὗτοι
616 2445 816 2532 παρέσχοντο
832 2439 971 2528 ταύτην
991 2451 1059 2510 ίστε

96 2539 166 2632 γάρ
178 2540 296 2622 πάντες
310 2569 353 2662 ῳς
366 2569 447 2612 οταν
458 2543 519 2631 μὲν
532 2545 584 2615 ἐπὶ
595 2541 779 2638 προδηλους
797 2539 928 2628 πράξεις
946 2551 1058 2629 ἴωμεν,

97 2671 142 2723 ας
169 2648 223 2712 θεῖ
241 2638 321 2730 μετά
346 2639 524 2733 μαρτύρων
547 2645 723 2730 γενέσθαι,
744 2639 821 2721 τούς
842 2638 1059 2762 οἰκειοτάτους

98 2738 104 2839 Ι
129 2737 239 2812 καὶ
205 2770 253 2822 οις
271 2735 313 2812 άν
327 2740 540 2833 τυγχάνωμεν
562 2739 723 2832 χρύμενοι
745 2739 899 2830 μάλιστα,
923 2738 1060 2818 τούτους

95 2833 377 2966 παραλαμβάνειν
395 2871 410 2912 ε
412 2841 560 2932 ίύθαμεν
584 2838 689 2912 ἐπὶ
653 2870 711 2922 τας
728 2837 911 2932 πράξεις
876 2869 932 2920 τας
950 2837 1060 2910 τοιαύ-

95 2971 180 3032 τας,
203 2971 270 3011 των
294 2943 331 3012 δὲ
354 2939 488 3033 άδηλων
510 2946 565 3012 καὶ
585 2947 739 3032 ἐξαίφνης
761 2944 966 3065 γιγνομένων
983 2937 1060 3019 τούς

94 3040 348 3170 προστυχόντας
368 3047 494 3114 ἕκαστοι
516 3040 683 3166 μάρτυρας
707 3041 899 3131 ποιούμεθα.
933 3043 988 3110 καὶ
1008 3019 1060 3110 ἐπὶ
1077 3054 1111 3104 20

93 3171 167 3233 μεν
183 3158 255 3222 ταις
272 3151 464 3233 μαρτυρίαις
483 3140 598 3224 αύτατς
620 3159 687 3224 τοῖς
706 3144 982 3263 παραγενομένοις
1001 3136 1058 3213 αύ-

93 3257 189 3329 τοῖς,
214 3236 325 3311 ὁποιοί
339 3270 424 3323 τινες
446 3238 487 3312 άν
511 3232 586 3334 οἶσι,
610 3241 736 3323 τούτοις
758 3241 899 3333 μάρτυσι
915 3245 1059 3363 χρησθαι

91 3340 286 3430 ἀναγκαῖόν
305 3338 428 3413 ἐστιν’
410 3359 504 3432 ημιν
536 3340 625 3464 παρά
649 3343 686 3436 δε
703 3371 769 3412 των
786 3338 1021 3412 άσθενούυτων
1039 3334 1059 3427 ἢ

90 3471 172 3515 ΐων
189 3438 372 3531 ἀποδημεῖν
383 3438 660 3532 μελλόντωνὸταν
676 3471 723 3524 τις
737 3446 957 3534 ἐκμαρτυρίαν
968 3443 1060 3527 ποιῇ·
1128 3483 1129 3488 1
1237 3487 1239 3492 .

862 3557 935 3622 35
