2490 3914
209 179 250 245 86
624 167 752 220 ΙΣΑΙΟΤ
1062 165 1113 220 Οε.
1129 166 1158 219 0.

282 267 297 305 l

152 347 158 360 ³
210 343 311 436 ,μήτε
332 340 408 414 υίδν
430 343 673 433 Χαιρέστρατον
700 333 912 427 ἐποιήσατοῖ
941 333 992 432 οἷς
1014 337 1139 426 μέν’
1097 367 1159 430 γαρ

209 474 258 526 τις
281 445 492 535 παρεγένετο,
518 447 663 529 δίκαιον,
688 454 714 509 το
703 429 868 531 ἄνδρες,
893 453 1127 530 μαρτυρεῖν,ο
1110 435 1160 520 οἷς

195 547 249 618 δὲ
266 573 310 634 μη
299 543 523 635 παρεγένετο
546 537 620 612 ἄλλ’
644 538 767 629 ήκουσέ
786 565 891 628 τινος,
914 535 1018 626 ἀκοήν
1041 567 1160 630 μαρτν-

158 666 192 718 54
209 661 296 738 ρεῖν
325 640 367 714 οὐ
394 641 428 714 δ’
446 640 487 714 06
513 639 776 734 παραγενόμενος
799 637 983 764 διαρρήδην
1000 638 1160 730 μεμαρτύ-

212 773 313 836 ρηκας
340 740 383 824 63
409 740 449 814 06
477 745 605 814 διέθετο
632 738 865 830 Φιλοκτήμωυ,
891 736 963 809 ἀλλ’
983 735 1080 820 ἅπαις
1098 743 1161 810 bn-

211 844 358 932 λεήτησε.
410 852 516 915 καίτοι
550 846 618 923 πῶς
643 839 776 912 οἷόντε
801 829 1004 929 εἰδέναι,
976 867 1002 910 3
1027 837 1161 963 6363633

211 942 326 1035 ὅμοιον
341 941 405 1036 γὰρ
423 940 534 1066 ὥσπερ
551 972 594 1014 αν
611 970 627 1013 ε
628 949 740 1064 ίμαίη
759 944 898 1030 εἰδέναι,
925 937 1040 1010 καί
998 969 1043 1064 μη
1060 967 1161 1032 παρα

209 1044 402 1134 γενόμενος,
425 1040 487 1114 ὅσα
506 1039 601 1132 ὑμεῖς
623 1041 742 1122 πάντες
765 1040 929 1133 πράττετε.
972 1038 1012 1111 06
1034 1038 1097 1131 γὰρ
1122 1039 1163 1129 66

209 1143 307 1216 τοῦτό
332 1172 370 1232 γε
397 1147 481 1234 έρεῖ,
508 1151 625 1234 καίπερ
651 1139 867 1231 ἀναίσχυντος
911 1138 974 1230 63,
1002 1137 1045 1222 63
1063 1138 1162 1211 ἅπασι

209 1247 409 1336 παρεγένετο
433 1246 488 1314 καί
512 1240 610 1338 πάντ’
635 1243 728 1313 οἶδεν
750 1238 813 1312 ὅσα
831 1241 1046 1331 Φιλοκτήμων
1065 1244 1101 1312 έν
1118 1246 1164 1335 τῷ

157 1367 191 1420 55
209 1352 259 1439 βί
247 1373 273 1414 ω
292 1342 495 1435 διεπράξατο.
522 1342 657 1414 πάντων
667 1339 730 1434 γὰρ
748 1339 851 1413 αὐτὸν
870 1347 993 1422 ἐκεῖνος
1011 1349 1163 1432 ἔχθιστον

210 1413 336 1534 ένδμιζε
363 1442 417 1513 διά
442 1471 477 1514 τε
503 1440 564 1531 τήν
588 1441 692 1566 εἷἰλλην
718 1450 896 1534 πονηρίαν,
923 1445 978 1513 καὶ
997 1439 1080 1513 διότι
1094 1446 1163 1520 τῶν

208 1546 382 1632 συγγενῶν
403 1542 503 1632 μόνος
526 1541 606 1632 μετὰ
628 1547 685 1631 τῆς
704 1540 818 1630 Ἀλκής
842 1547 968 1632 ἐκείνης
985 1540 1092 1666 τούτῳ1
1108 1545 1163 1612 καὶ

208 1661 277 1724 τοῖς
302 1641 412 1723 ἄλλοις
438 1642 740 1731 συνεπιβουλεύοντες
771 1660 838 1724 τοῖς
868 1647 929 1715 306
953 1639 1163 1732 Εὐκτήμονος

208 1743 350 1837 χρήμασι
366 1746 501 1815 τοιαῦτα
520 1743 730 1835 διεπράξατο,
755 1740 808 1814 οἷά
825 1770 886 1835 περ
902 1739 983 1834 ὑμῖν
1000 1740 1162 1826 ἀπέδειξα.

158 1870 192 1924 53
285 1842 429 1914 Πάντων
456 1844 494 1913 δὲ
518 1842 659 1933 μάλιστα
684 1841 912 1968 ἅγανμκτήσαί
940 1847 1029 1914 ἐστιν
1060 1839 1164 1934 ἄξιον,

209 1941 289 2016 ὅταν
306 1933 398 2017 οὗτοι
415 1948 640 2035 καταχρῶνται
662 1973 708 2066 τμ
698 1941 938 2034 Εὐκτήμονος
955 1939 1101 2033 ὀνόματι,
1120 1945 1166 2037 τῷ

208 2047 305 2115 τουδὶ
330 2042 462 2136 πάππῳ.
509 2052 540 2114 εί
562 2043 642 2136 γάρ,
670 2041 714 2126 63
739 2035 831 2116 οὗτοι
857 2047 1006 2168 λέγουσι,
1032 2048 1080 2136 τῷ
1104 2045 1165 2132 μὲν

210 2143 431 2232 Φιλοκτήμονι
448 2172 492 2233 μη
482 2141 586 2232 έξήυ
605 2147 800 2234 διαθέσθαι,
825 2172 885 2214 τον
873 2141 935 2215 δ
954 2113 1166 2268 E633630363

211 2239 329 2314 ἐστινὸ
346 2245 483 2334 κλήρος,
502 2244 641 2335 πότερον
655 2244 859 2335 δικαιότερον
874 2248 942 2315 τοῖν
953 2241 1166 2334 Εὐκτήμονος

208 2353 425 2434 κληρονομεῖν
442 2340 499 2424 363
518 2347 647 2416 ἐκείνου
669 2347 871 2436 θυγατέρας,
896 2341 1167 2434 ὁμολογουμένως

207 2440 309 2523 οὔσας
334 2450 488 2532 γνησίας,
513 2445 517 2533 Ι
541 2448 596 2536 καὶ
621 2441 706 2534 ήμοῖς
730 2442 807 2526 τούς
831 2449 867 2514 έκ
888 2443 1016 2516 τούτων
1032 2442 1167 2533 γεγονό-

157 2555 190 2607 57
207 2572 281 2632 τας,
299 2537 410 2630 ήτούς
420 2539 522 2615 οὐδέν
535 2544 775 2637 προσήκοντας;
794 2553 828 2616 οδ
836 2542 877 2616 06
888 2544 990 2635 μόνον
1002 2540 1060 2634 63’
1073 2540 1168 2633 ήμῶν

209 2646 412 2732 ἐλέγχονται,
439 2640 522 2714 ἄλλδ
547 2650 603 2717 καὶ
630 2637 727 2730 έξόδν
744 2643 838 2717 αὐτοὶ
857 2651 891 2716 06
907 2649 1076 2737 ἐπίτροποι
1095 2651 1167 2714 δια·

208 2745 432 2834 πεπραγμένοι
458 2753 530 2815 εἰσί.
574 2752 671 2818 τοῦτο
695 2745 759 2839 γὰρ
781 2743 877 2836 6363
896 2749 1010 2836 δέομαι
1027 2748 1083 2815 καὶ
1102 2750 1168 2814 ἰκε-

207 2842 293 2913 τεύω
306 2841 437 2934 σφόδρα
448 2851 653 2935 μεμνῆσθαι,
670 2839 698 2916 6
714 2845 849 2939 ἄνδρες,
867 2843 950 2938 ὅπερ
966 2843 1068 2939 ὀλίγῳ
1086 2843 1168 2934 πρό-

207 2971 304 3035 τερον
321 2939 512 3026 ἄπέδειξα“
492 2963 591 3034 υμῖν,
608 2944 658 3017 ὅτι
674 2944 870 3036 Ἀνδροκλῆς
881 2943 993 3019 οὑτοσὶ
1004 2949 1087 3036 φησὶ
1100 2946 1169 3070 μέν

184 3113 188 3122 ,
208 3043 295 3114 εἶναι
322 3047 493 3135 ἐπίτροπος
520 3043 630 3170 36363
648 3042 691 3128 63
708 3045 814 3118 ὄντων
830 3056 978 3136 γνησίων
995 3043 1168 3168 E633630·

207 3173 281 3233 303,
301 3141 461 3234 είληχεδ’
486 3143 585 3227 36363
609 3150 717 3239 ἑαυτῷ
732 3176 792 3219 του
779 3146 1021 3238 Εὐκτήμονος
1039 3146 1170 3237 κλήρου
1225 3129 1226 3259 6

208 3247 263 3315 καὶ
289 3247 347 3333 τής
373 3244 539 3336 θυγατρὸς
565 3243 670 3319 αὐτοῦ
695 3243 739 3331 63
764 3245 864 3336 οὔσης
891 3248 1083 3339 ἐπικλήρου
1112 3247 1171 3316 καί

157 3362 191 3415 58
207 3347 310 3414 ταῦτα
332 3343 581 3472 μεμαρτύρηται
593 3343 684 3437 ὑμῖν
720 3357 826 3420 καίτοι
843 3352 912 3430 363
929 3378 969 3419 03
960 3335 1171 3435 '63363‚6

208 3442 344 3534 ἄνδρες,
369 3439 450 3532 πρὸς
466 3452 558 3518 θεῶν
573 3445 776 3542 Ὀλυμπίων,
796 3457 826 3520 εί
841 3451 937 3539 μὲυο
939 3450 1083 3529 ίπαῖδές
1104 3453 1172 3516 είσι
