2502 3930
196 195 238 257 56
610 186 739 238 1260oe

120 447 121 450 Ἴ
193 392 253 433 του
270 363 331 450 μὲν
348 356 405 440 τάς
424 356 584 447 διαθήκας
602 373 754 446 σκοπεῖν,
780 365 809 427 εί
828 359 962 426 δοκοῦσι
984 359 1154 447 γενέσθαι·

141 481 142 484 ’
194 466 291 532 τοῦτο
309 458 371 550 γάρ
389 451 423 528 66
438 486 474 528 τε
490 457 585 548 νόμοι
602 461 769 528 αἰτοῦνται
787 458 842 526 καὶ
857 456 1061 528 δικαιότατόν
1080 461 1152 528 ἐστι.

141 575 177 628 23
193 560 238 652 μή
256 557 370 650 σαφῦς
384 560 420 628 66
437 555 512 648 μήτ’
531 555 651 639 αῦτοῦς
668 556 729 646 τήν
741 555 902 646 ἀλήθειαν
920 557 1058 644 είδότας,
1077 555 1154 645 μήτε

194 665 262 732 τῦν
278 658 455 751 μαρτύρων
476 663 537 729 τοῦ
552 657 804 746 τελευτήσαντος
828 660 1021 746 ἐπιτηδείων
1037 655 1154 746 όντων,

195 759 278 832 άλλά
295 757 465 852 Χαριάδου
487 763 549 830 τοῦ
564 755 736 850 τάλλότρια
753 760 957 846 βουλομένου
974 765 1107 847 λαβεῖν,
1124 767 1159 828 τί

123 925 125 932 s
194 857 238 932 δν
262 871 312 949 είη
336 856 539 951 δικαιότερον
561 855 582 948 6
604 875 672 940 τοῖς
699 861 872 947 συγγενέσι
895 857 935 929 τά
957 862 1018 929 τοῦ
1040 878 1154 946 συγγε·

194 964 275 1042 νοῦς
298 968 515 1049 ψηφίζεσθαι,
539 957 650 1029 καὶ
612 988 674 1081 γαρ
693 969 727 1028 εί
739 987 768 1028 τι
787 963 858 1029 οἵδε
876 963 1019 1048 ἔπαθον,
1042 954 1154 1081 οῦδενλ

195 1057 238 1131 διν
255 1055 381 1183 άλλφ
360 1089 380 1148 η
388 1057 612 1188 Νικοστράτῳ
629 1056 669 1128 τά
685 1056 812 1129 τούτων
830 1060 972 1146 ἐγένετο
996 1055 1077 1128 κατά
1094 1056 1155 1150 γάρ

180 1158 231 1231 ’τό
250 1157 332 1230 αῦτδ
355 1163 450 1248 γε’νος
468 1154 509 1229 άν
526 1156 740 1248 ήμφισβήτει,
763 1155 898 1242 άυεψιδς
920 1154 967 1229 τόν
990 1156 1156 1240 αῦτοίςέκ

141 1283 178 1334 24
195 1262 443 1348 πατραδέλφων.
472 1257 533 1329 M6
550 1256 607 1329 Δί’
626 1256 697 1329 ἀλλ’
716 1255 779 1329 οῦκ
797 1256 918 1330 ἔστιν
903 1288 921 1329 ο
930 1257 1062 1382 ’Ἅγνων
1078 1257 1155 1331 οὐδ’

194 1354 213 1430 6
227 1355 401 1448 Ἁγνόθεος
419 1387 478 1430 του
464 1357 722 1450 Νικοστράτου
740 1376 927 1450 συγγενεῖς,
953 1357 997 1442 ῦς
1020 1367 1054 1431 οί
1068 1357 1156 1432 άντί-

196 1465 286 1530 δικοί
308 1480 426 1549 φασιν,
453 1457 526 1530 ἄλλ’
554 1462 666 1550 ἕτεροι.
711 1467 822 1530 ἔπειτα
847 1464 895 1554 τῷ
919 1463 981 1550 μέν
997 1459 1080 1532 κατά
1096 1460 1157 1550 τήν

196 1559 291 1630 δόσιν
322 1563 384 1630 τοῦ
413 1557 536 1651 κλήρου
566 1559 697 1649 λαχόντι
723 1565 962 1651 μαρτυροῦσιν,
999 1558 1093 1632 αῦτολ
1120 1563 1158 1632 δὲ

194 1657 277 1728 κατά
307 1657 343 1729 τό
368 1661 464 1781 γένος
489 1657 551 1730 οῦκ
576 1657 897 1750 άμφισβητήσονσιν;
921 1663 926 1750 6
948 1657 989 1732 οῦ
1019 1659 1082 1753 γάρ
1109 1668 1158 1743 τίς
1245 1663 1246 1680 ’

151 1829 154 1835 ,
194 1756 292 1829 τοῦτό
306 1787 346 1847 γε
362 1756 476 1842 άνοίας
492 1757 631 1848 ήκονσιν
647 1757 731 1829 ὥστε
747 1760 980 1884 πιστεῦσαντες
997 1778 1069 1843 ταῖς
1082 1767 1158 1832 δια-

193 1856 314 1946 θήκαις
332 1856 417 1966 οῦτω
435 1864 558 1982 ῥαδίως
575 1858 742 1930 τοσοῦτων
759 1859 933 1950 χρημάτων
950 1858 1156 1952 άφίσταυται.

195 1954 277 2027 ἄλλά
294 1957 360 2086 μήν
376 1963 431 2029 καί
450 1950 534 2043 ἐξ
500 1988 548 2030 ων
565 1951 718 2030 αῦτοί
676 1988 767 2031 ουτοι
784 1964 932 2051 λέγουσι,
951 1960 1071 2032 τοῦσδε
1087 1977 1158 2044 τοϊς

195 2063 390 2181 συγγενέσιν
417 2055 528 2141 αῦτοϊς
554 2058 807 2132 ἐπιδικάσασθαι
832 2065 1056 2185 συμφέρει
1009 2091 1077 2132 των
1093 2073 1157 2134 Νι-

142 2174 177 2226 25
195 2157 374 2249 κοστράτου
400 2155 569 2248 μάλλον”
548 2189 570 2248 η
595 2159 774 2284 Χαριάδην.
821 2169 868 2242 τίς
883 2159 947 2284 γάρ
964 2160 1023 2232 τδν
1041 2159 1158 2234 λοιπδυ

193 2256 373 2379 χρόνον,ε
358 2260 446 2328 εί
411 2289 472 2348 μεν
497 2265 569 2330 οίδε
593 2259 674 2329 κατά
699 2258 735 2330 τδ
761 2264 855 2349 γένος
872 2258 1158 2386 ἀμφισβητοῦντες

194 2355 353 2444 λήψονται
378 2356 437 2429 τόν
463 2361 601 2450 κλήρου,
636 2363 755 2442 ἐξέσται
783 2364 838 2431 καί
862 2361 1006 2452 τούτοις,
1031 2358 1159 2434 ὁπόταν
1245 2445 1246 2450 ¹

194 2457 396 2547 βούλωνται,
422 2456 504 2528 κατά
528 2456 684 2548 τὸγένος
709 2465 865 2550 λαχοῦσιν
892 2459 1095 2545 έπιδεῑξαι’
1073 2479 1158 2552 υμῖν
1245 2471 1246 2550 6

195 2553 238 2637 ῦς
265 2554 358 2628 αὐτοὶ
379 2551 595 2679 ἐγγυτέρω
573 2581 658 2647 ησαν
682 2565 743 2631 τοῦ
767 2561 1010 2654 Νικοστράτου,
1038 2567 1093 2632 καὶ
1111 2559 1159 2644 ῦς
1245 2579 1246 2622 3

193 2665 344 2778 Σχιίκρου
370 2648 413 2745 ήν
439 2661 493 2727 καὶ
519 2655 560 2729 06
586 2659 820 2751 Θρασυμάχου
848 2659 905 2734 ἐάν
932 2663 970 2732 δέ
986 2661 1158 2754 Χαριάδης
1245 2669 1246 2728 ἰ

194 2752 306 2880 αήτῦν
331 2757 576 2849 κληρονομήση,
602 2756 664 2831 οῦκ
689 2767 777 2831 ἔσται
796 2758 910 2833 οῦδενί
928 2781 1086 2852 συγγενει
1103 2767 1158 2834 ἐπὶ
1245 2755 1246 2848 6

153 2901 154 2904 =
193 2855 234 2926 τά
252 2857 480 2949 Νικοστράτου
499 2862 619 2931 έλθεϊν
655 2860 736 2931 κατά
755 2860 905 2933 δόσιν
866 2892 929 2952 γαρ
948 2870 1077 2953 ἔχοντος
1094 2868 1160 2987 τοῦ
1245 2927 1246 2938 ,

195 2960 504 3048 ἐπιδεδικασμένου,
531 2968 566 3030 τί
588 2964 772 3050 φανοῦνται
797 2966 947 3052 λέγοντες
972 2969 1007 3033 οἱ
1020 2961 1102 3034 κατά
1117 2962 1159 3034 τό

193 3059 288 3144 γένος
306 3057 538 3148 λαγχάνουτες;

140 3175 177 3229 26
263 3153 363 3250 Ὅπερ
386 3152 429 3229 άν
454 3150 519 3230 οῦν
536 3157 628 3231 καὶ
608 3166 703 3252 υμῦν
721 3167 854 3246 ἕκαστος
872 3161 1039 3292 ἀξιώσειε,
1057 3168 1160 3236 τοῦτο

192 3259 249 3327 καί
266 3263 409 3330 τουτοισί
426 3277 494 3341 τοῖς
511 3269 695 3343 νεανίσκοις
699 3262 922 3352 βεβαιιόσατε
952 3268 1161 3354 παρέσχοντο

194 3353 228 3428 δ’
252 3354 333 3448 ῦμῐν
356 3359 523 3453 μάρτυρας
545 3367 676 3454 πρῦτον
699 3361 811 3452 μέν’
788 3394 832 3446 ως
854 3361 1025 3448 άνεψιοίε
1010 3371 1095 3435 είσιν
1121 3370 1162 3436 ἐκ

191 3463 434 3554 πατραδέλφων
457 3462 700 3555 Νικοστράτου,
731 3473 842 3536 ἔπειτα
866 3460 951 3536 66‘
928 3493 972 3546 ως
1005 3461 1162 3536 οὐδεπώ-
