2502 3930
170 151 208 200 VI
324 166 327 175 ·
456 137 662 193 PRAEFATIO
682 137 838 190 clemen

169 319 349 387 pervenerunt
368 319 496 373 aetatem.
519 311 547 366 in
561 311 595 367 eo
610 329 750 369 causarum
765 298 928 386 privatarum
948 329 1048 386 genere
1063 330 1121 370 ver·

169 403 271 458 santur,
288 395 359 452 haud
374 395 450 450 multi
467 395 577 450 luerunt
592 397 637 469 qui
652 395 742 453 studia
755 413 804 452 sua
813 397 978 453 conferrent.
1001 397 1120 471 Contigit

167 487 256 536 tamen
272 479 311 535 eis
330 486 361 535 ut
374 479 513 552 egregium
528 496 620 536 rernm
635 481 757 537 oratioue
777 475 968 553 explicaturum
982 480 1120 537 dictionis·

169 580 221 636 que
243 563 463 620 nanciscerentur
485 572 669 620 enarratorem
690 564 856 636 eundemque
878 565 1002 621 criticum
1016 565 1120 620 muneri

168 663 217 702 suo
227 663 318 720 parem
333 646 431 719 Georg.
445 645 517 700 Frid.
529 645 755 710 Schoemannnm‚
771 664 786 702 a
802 665 856 721 quo
871 647 999 704 derebus
1015 648 1121 722 quidem

62 721 65 728 ’
114 735 116 742 ’
167 729 345 804 inprimisque
367 729 400 785 de
415 729 474 786 iure
497 729 566 785 civili
581 731 624 786 vir
642 748 712 788 unus
728 740 756 788 et
776 731 845 788 alter
859 729 969 788 relictus
986 729 1062 787 locus
1079 738 1121 787 est

167 813 214 887 qui
236 821 283 870 aut
306 814 469 871 accuratiore
491 815 681 872 retractatione
696 823 746 871 aut
759 815 927 871 correctione
945 815 1066 889 indigere
1082 814 1121 868 vi·

166 898 269 954 deatur.
301 897 336 954 lle
352 897 440 954 verbis
451 903 541 953 autem
554 897 627 954 illius
644 898 761 955 oratoris
778 897 974 973 perpurgandis
989 907 1070 972 atque
1088 898 1120 954 ad

165 981 307 1056 pristinam
318 981 433 1056 speciem
441 981 596 1039 revocandis
609 1000 671 1040 cum
685 983 785 1057 optime
798 990 955 1040 meruerunt
967 983 1040 1040 lmm.
1055 982 1121 1038 Bek-

166 1065 249 1122 kerus
263 1073 291 1120 et
307 1064 393 1122 critici
406 1065 578 1130 Turioenses.
597 1084 712 1140 quorum
726 1064 772 1123 ille
787 1066 816 1123 in
829 1066 882 1123 hoc
897 1067 981 1140 magis
996 1084 1076 1140 quam
1093 1067 1121 1122 in
1209 1107 1211 1112 -

166 1149 264 1224 ceteris
287 1149 440 1206 oratoribus
464 1158 593 1222 quantum
614 1151 716 1224 ingenii
739 1151 861 1208 acumine
876 1159 970 1224 posset
990 1152 1120 1226 sagacita-

166 1239 248 1305 teque
274 1233 406 1295 ostendit,
432 1233 461 1288 hi
483 1233 571 1307 siquid
594 1235 627 1292 ab
640 1236 699 1291 viro
721 1232 768 1290 illo
788 1233 946 1292 doctissimo
967 1232 1120 1308 neglectum

165 1323 238 1372 esset
258 1316 407 1372 autminus
423 1324 498 1373 recte
512 1317 667 1375 institutum
691 1318 865 1392 expleverunt
879 1328 925 1376 aut
935 1327 1118 1382 correxerunt,

165 1407 224 1456 tum
240 1400 293 1456 hoc
307 1407 429 1474 tempore
444 1417 522 1457 nemo
539 1403 610 1475 quod
625 1404 706 1460 sciam
724 1403 752 1459 in
768 1403 893 1460 omnibus
908 1402 1119 1472 lsaeiorationi·

164 1483 216 1540 bus
231 1484 400 1542 recensendis
422 1484 584 1559 edendisque
600 1486 763 1560 peculiarem
780 1504 890 1561 operam
909 1504 1055 1560 curamque
1070 1503 1120 1562 po·

142 1617 144 1624 ,
164 1569 229 1624 suit.
258 1567 324 1624 Nam
338 1567 478 1624 ltobsonus
493 1570 637 1626 Britannus
653 1571 678 1626 id
699 1571 756 1644 egit
769 1580 800 1627 ut
815 1570 945 1645 quidquid
959 1578 1032 1627 esset
1049 1587 1119 1628 aee·

136 1643 140 1658 ⁴
165 1652 231 1708 teris
239 1650 434 1726 interpretibus
447 1653 479 1708 ad
496 1652 555 1710 illas
570 1654 743 1711 illustrandas
762 1654 872 1713 allatum
885 1655 1030 1729 diligenter
1042 1653 1119 1712 culli·

108 1785 110 1790 .
164 1723 256 1807 geret,
284 1752 346 1792 raro
370 1736 434 1809 quid
454 1736 488 1792 de
505 1754 614 1812 quoque
634 1737 695 1796 loco
718 1737 776 1813 ipse
796 1739 910 1795 sentiret
928 1738 1118 1813 profiteretur:

163 1818 191 1874 id
206 1826 295 1876 tamen
308 1819 433 1876 utilitatis
445 1814 537 1876 attulit
549 1822 582 1878 ad
593 1823 741 1880 orationem
754 1822 821 1879 isaei
836 1821 936 1879 rectius
952 1823 1119 1880 constituen-

40 1901 48 1920 '
139 1953 141 1956 .
163 1903 236 1966 dam,
261 1903 333 1976 quod
355 1902 457 1960 codicis
479 1905 574 1979 optimi
594 1906 744 1981 Crippsiani
762 1905 860 1963 iterum
885 1924 900 1962 a
921 1924 950 1962 se
971 1906 1076 1964 excussi
1090 1913 1118 1961 et

161 1981 306 2042 Burneiani
328 1987 479 2060 scripturae
500 1989 714 2063 ¹discrepantiam
737 1989 878 2064 evulgavit.
910 1989 1030 2046 Parisino
1053 2005 1117 2044 vero

161 2069 245 2126 ‚editio
260 2088 275 2126 a
289 2069 384 2126 Carolo
402 2071 515 2129 ilrtllero
530 2073 741 2131 incuriosissime
754 2083 849 2132 curata
860 2091 920 2131 cnm
936 2090 969 2129 ne
983 2080 1117 2128 transver-

143 2153 147 2210 ἰ
163 2169 221 2208 sum
235 2153 341 2226 quidem
351 2171 470 2227 unguem
479 2157 598 2214 discedat
612 2159 778 2214 a'l'uricensi
787 2159 816 2214 in
829 2174 940 2215 censum
955 2156 1045 2212 lenire
1062 2173 1117 2211 non

162 2244 262 2310 potest
300 2236 352 2294 Sed
375 2255 462 2311 nuper
483 2240 644 2297 exstiterunt
665 2242 784 2314 quamvis
800 2241 878 2315 pauci
896 2241 941 2315 qui
958 2242 987 2298 in
1002 2239 1116 2313 singulis

161 2319 230 2378 locis
252 2320 419 2394 expoliendis
434 2323 605 2397 mendisque,
629 2321 727 2398 quihus
750 2325 778 2381 in
801 2332 875 2382 tanta
898 2324 1116 2382 doctissimorum

163 2405 282 2461 virorum
293 2404 425 2460 industria
436 2423 466 2462 ac
481 2407 622 2481 diligentia
635 2417 723 2465 tamen
732 2407 873 2483 permultis
887 2408 1042 2482 inquinatae
1051 2415 1116 2464 sunt

161 2487 230 2544 lsaei
247 2488 398 2552 orationes.
421 2488 565 2547 liberandis
586 2492 680 2548 sedulo
697 2492 875 2550 elaborarent.
903 2494 932 2548 ln
947 2491 1046 2566 quibus
1060 2508 1115 2547 non

162 2573 293 2628 mediocri
307 2571 385 2629 laude
396 2573 471 2647 digni
482 2583 546 2630 sunt
557 2574 702 2639 tattaeus,
715 2577 859 2633 Britannus
867 2576 1115 2651 perspicacissimus

160 2653 307 2728 (adversar.
328 2654 382 2713 vol.
403 2657 423 2713 l.
442 2674 468 2730 p.
487 2665 537 2718 286
555 2676 613 2732 sqq.
638 2668 666 2716 et
687 2668 754 2717 orat.
769 2659 825 2717 Att.
840 2661 881 2718 ed.
898 2660 1012 2716 liobson.
1032 2659 1114 2734 ll'.p.

159 2737 314 2813 ΗΜ),
328 2741 470 2813 Emperius
487 2735 606 2816 (opuscc.
621 2761 648 2816 p.
664 2749 714 2804 279
732 2762 790 2818 sqq.
806 2754 833 2802 et
854 2743 927 2817 316).
945 2741 1115 2800 Meutznerus

126 2883 127 2886 Ἴ
160 2819 222 2893 (act.
240 2821 461 2880 societ.·Graecae
475 2825 505 2881 ll.
520 2844 546 2899 p.
559 2833 592 2886 99
606 2826 690 2900 sqq),
703 2828 751 2884 Ed.
766 2828 900 2885 lenickius
915 2826 1071 2901 (observatt.
1087 2827 1115 2883 in

159 2905 263 2962 lsaeum
283 2908 355 2982 lips.
381 2905 473 2984 1838),
498 2909 526 2964 G.
547 2911 578 2965 Α.
595 2911 763 2985 Hirschigius
785 2911 892 2983 (Philol.
910 2907 961 2966 vol.
977 2910 1006 2974 V,
1023 2929 1049 2985 p.
1064 2918 1115 2971 322

160 2989 227 3062 sq.):
245 3007 348 3063 paucos
368 2990 445 3048 locos
458 2991 587 3052 'sollerter
604 3002 631 3051 et
647 2994 783 3056 alacriter,
803 2996 843 3052 uti
859 2995 943 3057 solet,
960 2994 1051 3068 attigit
1065 2994 1114 3050 Go-

158 3072 239 3130 hetus
262 3074 304 3131 vel
324 3075 351 3131 in
370 3075 450 3132 variis
468 3075 510 3133 vel
525 3078 553 3134 in
569 3078 646 3134 novis
660 3075 829 3136 lectionibus.
863 3077 1009 3135 Pervellem
1024 3085 1114 3134 tamen

157 3153 271 3214 Batavus
287 3159 521 3231 ingeniosissimus
536 3163 635 3235 quique
646 3169 754 3235 praeter
771 3170 876 3218 ceteros
897 3161 1013 3220 emineat
1030 3161 1113 3217 Attici

158 3243 293 3298 sermonis
322 3250 446 3299 accurata
467 3252 494 3301 et
513 3248 623 3318 eopiosa
650 3245 760 3302 seientia
778 3247 914 3319 cognitam
931 3245 1043 3302 haberet
1067 3253 1113 3301 aut

158 3340 328 3400 cognoscere
347 3325 427 3382 vellet
443 3327 716 3402 BaiteriSauppiique
732 3327 956 3402 elegantissimam
975 3335 1112 3385 oratorum

156 3407 308 3468 Atticorum
329 3409 487 3480 editionem,
509 3428 542 3468 ne
564 3428 633 3485 quae
652 3412 704 3467 iam
718 3413 825 3469 inventa
843 3422 934 3470 essent
949 3419 1112 3486 receptaque
