2490 3914
100 149 126 200 p.
145 133 187 186 ιο.
305 132 394 183 ΠΕΡΙ
411 131 488 182 σου
505 129 669 182 muoz
685 129 849 182 KAHPOT.
991 133 1053 195 105

100 307 161 374 τού
183 301 324 393 μάρτυσι
348 298 517 372 πιστεύειν
540 307 643 390 ἔφυγε
666 298 726 388 τὴν
749 296 904 386 βάσανον.
946 307 1052 370 καίτοι

102 412 132 474 εί
156 401 339 494 φανήσεται
364 403 469 472 ταῦτα
493 405 626 489 ποιῆσαι
650 398 695 490 μὴ
723 397 883 488 θελήσας,
908 407 944 469 τί
970 395 1052 471 δπο-

99 511 246 575 λείπεται
262 521 330 583 τοῖς
342 507 471 573 ἐκείνου
487 500 649 592 μάρτυσιν
665 495 686 590 ἢ
705 507 816 574 δοκεῖν
827 502 906 572 νυνὶ
921 497 962 570 τά
972 516 1052 583 υευ-

102 607 145 692 δὴ
159 621 356 694 μαρτυρεῖν,
378 600 498 673 τούτου
520 605 713 689 τηλικούτου
735 608 869 690 ἔλεγχον
891 599 1052 690 πεφενγό
1140 635 1144 644 ·

99 733 171 791 τος;
190 701 253 794 ἐγω
269 705 331 793 μὲν
342 697 553 793 οἷμαιούδὲν.
574 697 670 772 Ἀλλά
683 698 749 791 μὴν
767 696 810 781 ιδς
827 696 938 790 άληθη
954 705 1052 793 λέγω,

100 807 184 892 λαβέ
204 833 258 894 μοι
280 806 410 896 πρῶτον
433 802 438 891 Ι
460 801 585 890 ταύτην
607 799 669 891 τὴν
691 809 875 893 μαρτυρίαν
897 804 953 873 καὶ
974 798 1053 873 άνά·

101 916 218 994 γνωθι.
341 929 342 936 “

478 1048 676 1100 ΜΑΡΤΤΡΙΔ.

171 1201 276 1295 Ὑμεῖς
297 1204 358 1294 μὲν
379 1212 494 1274 τοίνυν
511 1207 567 1274 καὶ
585 1210 655 1295 ι’δίηι
676 1207 732 1275 καὶ
751 1210 891 1336 δημοσίᾳ
907 1202 1054 1291 βάσανον
1072 1235 1104 1286 12

100 1301 335 1436 ἀκριβέστατον
364 1311 498 1394 ἔλεγχον
526 1313 686 1394 νομίζετε·
715 1307 771 1374 καὶ
793 1299 916 1376 ὁπόταν
940 1307 1053 1376 δούλοι

100 1409 156 1476 και
180 1403 350 1497 ἐλεύθεροι
378 1407 628 1495 παραγένωνται
650 1407 705 1475 ναὶ
729 1399 810 1495 δίη
818 1400 1002 1496 εὑρεθῆναί
1021 1433 1053 1476 τι

99 1509 167 1576 τοῖν
178 1500 458 1628 ζητουμένωυ,’
418 1532 459 1574 ου
476 1509 602 1596 χρῆσθε
614 1497 685 1586 ταις
695 1534 762 1576 των
775 1507 961 1596 ἐλευθέρων
972 1534 1053 1595 μαρ-

99 1613 244 1697 τυρίαις,
268 1602 351 1676 ἄλλά
373 1602 450 1685 τούς
477 1604 618 1686 δούλους
635 1603 940 1730 βασανίζοντες,”
897 1635 984 1676 ουτω
1002 1614 1053 1694 ξη-

100 1723 185 1776 τεῖτε
208 1702 319 1797 εδρεῖν
341 1703 403 1794 τὴν
424 1702 584 1793 ἀλήθειαν
606 1709 673 1776 τοῖν
694 1709 933 1796 γεγενημένων.
970 1703 1076 1778 είνό.

99 1835 180 1895 τως,
205 1797 230 1875 ὦ
255 1803 387 1897 ἄνδρες·
412 1803 546 1876 σύνιστε
566 1804 629 1898 γάρ
651 1803 700 1876 δτι
722 1810 797 1898 τοῖν,
811 1807 873 1896 μὲν
889 1835 1053 1898 μαρτυρη-Ι

100 1905 231 1976 σάντων
248 1903 312 1995 ἤδη
329 1906 397 1976 τινε
399 1935 415 1986 ς
433 1910 551 1990 ἔδοξαν
562 1903 603 1977 ού
615 1903 749 2029 ’τάληθῆ
758 1909 974 1998 μαρτυρῆσαι,
986 1911 1053 1977 τῶν

102 2007 429 2094 δὲβασανισθίντωυ
445 2003 581 2090 ούδένες
599 2005 732 2077 πάποτε
749 2002 1034 2129 ἐξηλέγχθησαν
1009 2035 1054 2086 ως

100 2102 164 2177 ούιι
197 2103 308 2195 άληθῆ
335 2110 371 2176 ἐν
392 2135 460 2178 των
482 2107 638 2196 βασάνων
663 2105 816 2187 εἰπόντες.
859 2096 1011 2189 ούτοςδ’
1036 2101 1104 2178 δ13

100 2206 236 2279 πάντων
264 2203 556 2297 άναισχυντότατος
578 2204 768 2300 ἀνθρώπων
796 2205 904 2295 λόγοις
931 2217 1053 2277 πεπλα-

101 2311 232 2397 σμένοις
244 2310 299 2377 καὶ
312 2305 474 2399 μάρτυσιν
485 2337 526 2379 ον
517 2305 673 2397 ’τάληθῆ
689 2310 913 2400 μαρτυροῦσιν
924 2303 1054 2390 άξιάσει

101 2405 269 2478 πιστεύειν
292 2402 394 2498 υμάς,
424 2407 561 2498 φεύγων
583 2406 689 2490 οὕτως
712 2405 859 2499 άιιριβεῑς
888 2410 1053 2496 ίλίγχους;

101 2503 174 2577 ἄλλ’
193 2503 254 2598 ούχ
270 2502 384 2597 ἡμεῖς,
409 2504 492 2578 άλλδι
508 2507 670 2600 πρότερον
692 2504 779 2598 ὑπὲρ
802 2511 870 2578 των
890 2531 1054 2598 μαρτυρη-

100 2606 267 2696 θήσεσθαι
282 2607 471 2697 μελλόντων
487 2605 683 2693 ἀξιώσαντες
696 2616 742 2690 είς
753 2606 918 2695 βασάνους
931 2611 1054 2695 ἐλθεῖν,

99 2706 239 2789 τούτους
263 2709 300 2778 δὲ
323 2707 508 2798 φεύγοντας
525 2766 533 2779 .
552 2765 560 2779 .
578 2766 586 2780 .
607 2763 635 2798 .,
656 2705 762 2789 οὕτως
784 2706 965 2797 οἰησόμεθα
983 2713 1055 2778 δεῖν

99 2802 187 2897 ὑμᾶς
210 2824 278 2888 τοῖς
301 2803 468 2900 ἡμετέροις
491 2806 634 2900 μάρτυσι
661 2807 838 2880 πιστεύειν.
878 2809 970 2895 Λαβλ
992 2798 1055 2878 οὖν

101 2904 216 2989 αὐτοῖς
233 2912 371 2978 ταυτασὶ
387 2907 445 2991 τοὶς
462 2917 645 3002 μαρτυρίας
663 2911 719 2980 καὶ
736 2905 916 2997 άνάγνωθι.

472 3075 683 3126 ΜΑΡΤΤΡΙΑΙ.
1173 3113 1190 3157 l

181 3219 280 3295 Τίνας
304 3183 390 3295 είιιδς
413 3212 595 3284 εἰδέναι
559 3244 599 3285 τα
621 3214 759 3300 παλαιά;
785 3209 958 3302 δηλονότι
979 3209 1056 3292 τοὺς
1074 3236 1106 3285 14

98 3314 354 3434 χρωμένους
306 3342 352 3382 τω
369 3312 500 3406 πάππῳ.
537 3313 805 3405 μεμαρτυρήκασι
820 3309 973 3384 τοίνυν’
953 3310 1056 3398 αιιοήν
1237 3381 1238 3398 ,

97 3401 199 3484 οὗτοι.
235 3421 377 3494 τίναςί
345 3441 361 3484 ε
362 3411 523 3484 ίδέναι
487 3441 527 3483 τα
543 3411 672 3506 περὶ
636 3442 697 3501 την
715 3421 846 3484 ἔνδοσιν
862 3440 920 3500 της
936 3407 1056 3502 μητρός
1236 3403 1238 3499 λ
