2490 3914
101 171 189 240 ροο.
241 171 331 223 ΠΕΡΙ
347 170 423 222 μου
441 169 741 223 Φιλοκτιυιουοω
757 171 921 224 mor.
1019 178 1059 241 79
1183 173 1185 186 =

101 330 191 436 ἄλλῳ
208 343 275 413 τινί
292 339 420 434 τρόπῳ,
447 343 538 412 καίί
538 369 558 411 κ
574 368 702 412 τουτων
719 347 846 412 ἔσοιντο
864 350 911 412 ἔτι
928 351 1058 432 μείζους

102 449 277 534 διαφοραί,
297 447 451 531 ἔπειθον,
479 470 505 511 ω
492 432 659 532 ἄνδρες,
682 439 740 513 τόν
759 440 1058 532 Φιλοκτήμοναέα·
1139 515 1143 520 ,

99 565 156 614 σαι
183 551 373 632 εἰσαγαγεῖν
396 545 515 614 τούτου
540 539 599 613 τόν
623 549 728 616 παίδα
740 539 810 633 ἐφ’
837 541 887 624 οἷς
913 541 1056 633 ἐζήτειδ

101 641 303 740 Εὐκτήμων,
322 651 444 734 χωρίου
461 649 500 718 ἓν
519 641 628 714 δόντα.
664 639 754 714 καί
738 672 756 713 ο
775 643 992 735 Φιλοκτήμων
1010 653 1058 716 αἰ
1076 669 1111 720 24

99 743 300 834 σχυυόμενος
317 744 379 833 μὲν
397 747 510 814 ἐπὶ
466 773 508 834 τη
525 745 588 814 τού
598 741 720 862 πατρὸς
738 741 835 836 νἰνοίμ
842 742 1005 837 ,ἄπορον
1024 744 1057 816 δ’

98 875 118 914 0
136 875 168 915 τι
184 843 340 936 χρήσαιτο
366 849 414 938 τςὸ
429 843 569 936 παρόντι
585 847 693 938 κακῷ,
720 841 784 914 ούκ
810 799 1042 934 όότέλεγεν’
1002 876 1063 918 ου-

100 949 167 1016 δίν.
217 941 490 1035 ὁμολογηθέντων
524 946 561 1016 δὲ
585 944 730 1033 τούτων,
764 948 878 1016 καίἰ
847 951 1059 1036 εἰσαχθέντος

97 1075 158 1118 του
146 1044 300 1126 παιδδς
325 1048 380 1115 ἐπὶ
403 1044 549 1135 τούτοις,
576 1042 747 1135 όπηλλύγη
772 1049 831 1135 τής
855 1046 1013 1135 γυναικός
1039 1075 1058 1119 ο

97 1143 301 1236 Εὐκτήμων,
319 1149 376 1216 καί
393 1143 616 1268 ἐπεδείξατο“
597 1174 647 1217 οτι
664 1174 705 1217 ου
697 1143 889 1218 ’παίδων“
869 1175 966 1218 ενεκα
985 1148 1058 1237 ἐγύ-
1176 1186 1181 1195 ·

97 1275 169 1336 μει,
196 1243 271 1316 ἀλλ’
296 1252 353 1318 ἵνα
369 1250 490 1319 τούτου
517 1245 693 1336 εἰσαγύγοι.
730 1245 818 1317 τί
779 1277 842 1370 γαρ
869 1254 938 1318 ἔδει
955 1245 1058 1321 αύτδν
1075 1256 1109 1310 25

96 1363 234 1437 γαμεῖν,
260 1337 289 1418 ύ
308 1343 532 1439 Ἀνδρόκλεις,
560 1359 594 1418 εἰ
612 1374 674 1438 περ
697 1338 816 1418 οἵδε
792 1369 879 1438 ησαν
902 1346 997 1432 ἐξ’
954 1353 1060 1419 αυτοῦ
1153 1385 1160 1400 ·

97 1451 155 1517 καί
180 1445 337 1536 γυναικός
363 1446 480 1539 ἆστής,
508 1444 553 1530 ὥς
570 1446 613 1520 σύ
629 1446 901 1571 μεμαρτύρηκαςς
927 1457 977 1530 τίς
994 1447 1058 1542 γὰρ

96 1543 141 1618 ἂν
141 1547 358 1638 ’γνησίους”
339 1578 437 1630 οντας
462 1545 531 1630 οἷός
557 1577 594 1619 τε
619 1538 663 1639 ήν
680 1551 827 1620 κωλύσαι
852 1557 1057 1638 εἰσαγαγείν;

95 1678 119 1736 η
113 1647 194 1718 δια
219 1657 254 1718 τί
278 1652 331 1718 ἐπί
357 1655 466 1740 ρητοίς
484 1645 587 1721 αύτδν
610 1648 780 1740 εἰσήγαγε,
806 1654 867 1720 τού
883 1649 988 1741 νόμον
1005 1679 1057 1721 κε-

96 1747 286 1830 λεύοντος“
264 1777 411 1831 απαντας
426 1747 504 1831 τούς
520 1757 678 1839 γνησίους
691 1757 876 1842 ἰσομοίρους
893 1751 1038 1821 εἰναι
990 1779 1058 1822 των

95 1849 278 1942 πατρῴους
304 1846 325 1938 ή
353 1849 459 1921 διὰτί
477 1845 536 1922 τόν
558 1849 620 1941 μὲν
642 1849 869 1942 πρεσβύτερον
892 1868 964 1923 τοίν
981 1860 1057 1922 παί-
1074 1861 1108 1914 26
1138 1919 1139 1933 ,

97 1957 175 2020 δοιυ
202 1952 254 2020 ἐπὶ
272 1955 382 2041 ῥητοῖς
409 1949 579 2042 εἰσήγαγε,
605 1954 667 2022 τού
685 1952 722 2021 δὲ
740 1955 904 2041 νεωτέρου
921 1949 986 2039 ήδη
1003 1979 1056 2041 γε·

94 2048 232 2139 γουότος
256 2047 337 2121 ούδδ
359 2051 457 2140 λόγον
480 2054 619 2123 ἐποιεῖτο
643 2055 761 2137 ζύντος
784 2051 789 2140 fl
813 2050 1056 2142 Φιλοκτήμονος
1187 2123 1190 2131 ,

95 2149 176 2221 ούτε
192 2147 274 2242 πρὸς
300 2148 401 2223 αύτδν
428 2157 555 2222 ἐκεῖνον
585 2149 663 2223 οὔτε
689 2149 769 2243 πρδς
795 2149 872 2233 τούς
897 2160 1055 2238 οἰκείουςς

95 2249 156 2332 οὓς
174 2250 217 2321 σύ
234 2254 301 2323 νύν
319 2251 503 2345 διαρρήδην
519 2251 770 2344 μεμαρτύρηκας
795 2259 953 2341 γνησίους
971 2253 1057 2323 εἶναι

2 2377 3 2380 ’
96 2355 155 2422 καί
173 2351 396 2446 κληρονόμους
413 2356 480 2425 τοῖν
497 2349 718 2444 Εύκτήμονος.
752 2356 862 2424 Ταῦτα
878 2362 994 2424 τοίνυν
1011 2348 1056 2434 ὥς

96 2450 211 2542 ύληθή
228 2456 331 2545 λέγω,
349 2451 579 2544 ἀναγίγνωσκε
595 2451 652 2534 τὰς
670 2462 872 2546 μαρτυρίας..

471 2618 681 2670 MAPTTPIAI.

175 2754 270 2828 Μετδι
295 2763 401 2829 ταῦτα
425 2766 543 2829 τοίνυν
568 2753 586 2829 ὁ
615 2754 832 2846 Φιλοκτήμων
848 2759 1056 2848 τριηραρχεῖν
1072 2773 1106 2823 27

95 2861 177 2949 περὶ
194 2865 277 2928 Χίον
294 2855 498 2947 ἀποθνήσκει
524 2855 590 2930 ὑπὸ
606 2861 674 2929 τεόν
691 2865 872 2947 πολεμίων·
899 2853 917 2928 ὁ
938 2853 970 2928 δ’
988 2854 1055 2928 Εύ-

94 2957 233 3047 κτήμων
249 2954 388 3051 ὕστερον
405 2958 514 3054 χρόνῳ
524 2957 605 3052 πρδς
622 2957 700 3040 τούς
717 2955 876 3048 κηδεστὰς
895 2958 986 3029 εἰπεν
1004 2955 1056 3030 ὅτι
1143 3018 1147 3029 ,

93 3058 252 3148 βούλοιτο
277 3057 318 3128 τοὶ
343 3058 423 3152 πρὸς
448 3057 505 3133 τόν
530 3059 606 3132 υἰόν
632 3064 667 3131 οἰ
689 3061 902 3151 τεταραγμένα
926 3057 1078 3151 γρύψας’

94 3163 314 3230 καταθέσθαι.
350 3164 405 3232 καί
421 3153 440 3230 δ
457 3163 518 3250 μὲν
536 3159 766 3250 Φανόστρατος
793 3164 924 3231 ἐκπλείυ
942 3166 1056 3248 ἔμελλε

92 3262 305 3351 τριηραρχεῖν
330 3258 411 3351 μετὰ
432 3263 612 3351 Τιμοθέου,
640 3265 696 3332 καί
713 3256 734 3349 ή
750 3262 833 3341 ναύς
851 3255 942 3352 αὐτῷ
959 3258 1054 3351 ἐξύρ-

93 3388 154 3452 μει
164 3367 389 3452 Μουνυχίασι,
408 3364 463 3433 καί
480 3358 498 3432 ὁ
516 3361 676 3451 κηδεστής
687 3363 828 3451 Χαιρέας
843 3357 958 3451 παρεόν
975 3380 1055 3430 συν·

86 3465 299 3533 ἀπέστελλεν
316 3459 434 3536 αὐτόν·
451 3457 470 3535 ὁ
489 3459 522 3533 δ’
541 3459 727 3552 Εὐκτήμων
744 3458 947 3553 παραλαβών
963 3488 1054 3542 τινας
