2490 3914
124 169 150 218 p.
169 151 211 202 51.
274 151 363 202 ΠΕΡΙ
380 133 456 200 ’νον
473 147 752 201 Δικειονιιειοεε
769 149 934 202 ΚΛΗεον.
1038 159 1077 220 61

198 318 327 408 Ἐπειδὴ
355 321 392 390 δὲ
410 294 581 408 ἐνείμαντο
599 317 657 391 τόν
675 325 813 412 κλῆρον,
839 307 1017 411 ὀμόσαντες
1034 323 1079 414 μή
1096 345 1112 394 7

123 420 378 514 παραβήσεσθαι
410 417 450 489 τό
481 416 728 510 ὡμολογημένα,
763 425 964 510 ἐκέκτητο“
944 445 1079 506 εκαστος

126 521 256 593 δώδεκα
282 518 376 610 ἔτη
355 515 376 589 6
402 527 510 609 ἔλαχε·
536 524 597 591 καὶ
619 524 654 590 ἐν
680 520 824 644 τρσούτμ
841 522 949 618 χρόνῳ
967 521 1079 596 06666

4 649 21 724 3·
126 627 229 694 δικων
254 619 364 703 οὐδεὶς
392 617 502 691 αύτων
527 618 647 710 ήξίωσε
671 619 712 691 τοὶ
736 626 949 714 πεπραγμένα
973 632 1079 696 εἰπεῖν

123 720 248 803 ἀδίκως
274 725 480 812 πεπρήχθαι,
507 725 587 812 πρὶν
614 720 920 812 δυστυχησάσης
878 752 937 811 της
953 724 1078 806 πόλεως

125 827 180 892 καὶ
198 822 341 903 στάσεως
357 819 592 911 γενομένης’
551 824 699 910 καγοὶνος
716 819 828 893 οὑτοσὶ
846 827 995 905 πεισθεὶς
1012 821 1078 895 ύπὸ

125 927 281 1004 Μέλανος
296 927 357 994 τού
372 930 575 1012 Αἰγυπτίου,
602 913 630 1016 ᾧ
645 949 707 1012 περ
724 928 779 1006 καὶ
796 915 898 994 τᾶλλα
916 928 1077 1014 ἐπείθετο,

124 1019 325 1113 ἠμφισβήτει
349 1018 429 1112 ἡμῖν
454 1019 596 1104 ἅπαντος
621 1027 682 1093 τού
698 1022 838 1116 κλήρου,
865 1022 1004 1114 φάσκων
1023 1021 1077 1113 ἐφ’

4 1175 6 1215 ÷
123 1121 185 1213 ὅλη
210 1128 389 1212 ποιηθῆναι
421 1121 493 1204 υίὸς
518 1119 582 1194 ύπό
608 1127 670 1194 τού
694 1133 792 1194 θείου
817 1129 879 1194 τοῦ
909 1121 1077 1214 ἡμετέρου.

4 1221 6 1278 7
123 1219 219 1312 ἡμεῖς
244 1226 305 1313 μὲν
330 1214 391 1294 οὖν
408 1232 586 1312 μαίνεσθαι
613 1220 714 1293 αὐτόν
731 1220 903 1313 ἡγούμεθα
920 1229 962 1314 τή
978 1223 1114 1313 λήξει,6

124 1320 189 1393 ούκ
205 1321 247 1394 ἄν
264 1351 342 1395 ποτε
358 1320 578 1412 οίόμενοιτδν
590 1320 692 1394 αὐτόν
710 1321 817 1416 ἄνδρα
828 1324 900 1395 τότε
917 1325 979 1414 μεν
996 1324 1079 1414 φύσ-

125 1453 226 1494 κοντα
258 1428 310 1494 ἐπὶ
341 1428 389 1517 τῷ
412 1431 496 1518 τρί
465 1453 510 1494 τω
537 1427 627 1514 μέρει
653 1428 833 1513 ποιηθῆναι
861 1423 935 1495 τότε
963 1422 995 1494 δ’
1024 1421 1090 1514 ἐφ’

124 1520 245 1594 ἅπαντι
269 1549 318 1618 τῳ
304 1523 443 1617 κλήρῳ
462 1495 553 1607 δόξαι
569 1521 712 1612 τάληθὲς
730 1521 874 1613 λέγειν
855 1541 949 1614 υμῖν
978 1532 1024 1605 είς
1043 1527 1081 1594 δὲ

129 1617 166 1695 τό
186 1595 396 1716 δικαστήριον
414 1623 619 1705 εἰσελθόντες
638 1628 692 1693 και
709 1629 822 1718 πολλω
837 1632 940 1694 πλείω
958 1626 1013 1694 καὶ
1033 1630 1080 1695 δι-

20 1751 25 1760 ’·
125 1724 277 1848 καιότερα
294 1727 451 1849 λίγομτες
477 1721 701 1842 ἠδικήθημεν,
728 1721 789 1815 οὐχ
814 1720 879 1795 ύπό
906 1753 972 1794 των
990 1731 1080 1793 δικα-

125 1829 214 1895 σιῶν
230 1821 302 1894 ἀλλ’
321 1820 386 1895 ύπο
375 1823 554 1904 Μέλανος
569 1851 628 1892 τον
617 1827 787 1912 Αίγυπτί
785 1853 825 1895 ου
772 1827 961 1894 [aaz
914 1853 981 1894 των
1000 1827 1069 1893 ἐκεί
1054 1831 1081 1893 ί·

125 1953 188 1994 νου
214 1931 337 2014 φίλων,
364 1931 398 1995 οδ
423 1921 478 1993 διδ
502 1921 559 2003 τὰς
575 1927 633 2010 τῆς
659 1923 785 2005 πόλεως
802 1922 973 2014 σνμφορδις
992 1927 1080 2006 ἐξου-

126 2031 205 2094 σίαν
221 2031 337 2114 σφίσιν
354 2019 467 2104 αὐτοῖς
492 2018 634 2111 ἡγοῦντο
654 2024 739 2094 εἶναι
756 2027 941 2112 κεκτήσθαί
953 2051 989 2092 τε
1005 2019 1081 2091 τᾶλ·

125 2123 240 2216 λότρια
265 2122 385 2194 καὶτὰ
410 2127 519 2211 ψευδῆ
548 2119 700 2211 ἀλλήλοις
713 2141 919 2215 μαρτυρεῖν·
951 2118 1017 2193 ύπδ
1045 2121 1083 2190 δδ

4 2283 6 2292 .
126 2227 193 2295 τω”ν
217 2222 258 2294 τοὶ
283 2227 417 2294 τοιαῦτα
442 2221 628 2293 ποιούντων
655 2224 907 2312 ἐξηπατήθησαν
932 2227 967 2292 οί
991 2228 1081 2291 δικα-

126 2333 210 2395 σταί.
246 2326 301 2394 καί
318 2319 412 2413 ἡμεῖς
437 2325 498 2412 μὲν
523 2326 976 2415 καταυευδομαρτυρηθέντες
993 2318 1081 2391 ἀπω-
1098 2339 1115 2390 9

127 2428 272 2514 λέσαμεν
293 2422 333 2495 τὰ
349 2422 443 2495 ὄντα·
469 2427 524 2493 καὶ
541 2420 604 2511 γὰρ
621 2418 639 2494 6
658 2421 764 2515 πατὴρ
781 2419 822 2493 06
845 2425 957 2516 πολλῷ
973 2417 1080 2512 χρόνῳ

126 2521 268 2617 ὕστερον
285 2522 365 2615 μετδι
382 2523 443 2612 τήν
462 2529 560 2611 δίκην
578 2523 776 2612 ἐτελεύτησε,
795 2526 874 2613 πρὶν
893 2526 1081 2604 ἐπεξελθεῖν

127 2622 178 2747 ρςῖ
197 2623 400 2715 ἐπεσκήψατο
417 2627 485 2693 των
502 2621 691 2715 μαρτύρων
709 2626 947 2745 266060616669⁸
946 2622 983 2690 δὲ
1000 2617 1081 2710 πρὸς

127 2720 212 2813 ήμᾶς
246 2720 289 2806 ὡς
322 2723 475 2812 ἐβούλετο
509 2720 752 2812 ἀγωνισάμενος
785 2727 828 2813 τῇ
862 2719 947 2812 αὐτῇ
976 2715 1117 2810 ήμίρᾳ

128 2822 264 2912 ἐξήλασε
281 2823 402 2952 μὲν
365 2854 426 2914 την
443 2826 707 2912 Κηφισοφῶντος
732 2851 791 2892 τον
780 2826 994 2902 Παιανιεως
1018 2833 1081 2890 θν-

126 2927 249 3013 γατέρα
276 2927 310 2994 ἐκ
335 2953 393 2996 τον
382 2928 554 3015 μέρους,
578 2919 766 3046 μδελφιδῆν
788 2913 893 2993 οὖσαν
908 2922 1082 3008 Δικαιογί-

126 3053 208 3104 νονς
225 3053 284 3093 του
272 3024 533 3105 καταλιπόντος
549 3021 590 3092 τὰ
604 3022 774 3146 χρήματα,
796 3019 948 3112 ἆφείλετο
968 3016 1059 3091 δὲ
1021 3047 1083 3107 την

4 3177 5 3180 =
127 3126 341 3213 Δημοκλέους
351 3128 531 3214 γενομένην
544 3140 698 3212 γυναῖκα,
716 3153 737 3192 α
721 3120 970 3212 “Δικαιογένης
988 3117 1082 3190 6666-

4 3282 6 3292 .
125 3222 191 3313 φδς
218 3218 266 3294 οόν
284 3221 469 3313 ἒδωκεν,’
450 3253 515 3313 αφε
517 3232 602 3294 ίλετο
631 3225 669 3293 δὲ
693 3226 748 3293 καί
774 3221 834 3310 τήν
852 3218 1082 3344 Κηφισοδότου

128 3327 253 3415 μητέρα
278 3326 333 3394 καὶ
359 3321 459 3394 αὐτόν
484 3329 602 3398 τούτου
627 3321 784 3393 ἅπαντα.
805 3326 860 3392 καὶ
877 3319 939 3410 γάρ
956 3318 1083 3391 τούτων
1102 3333 1134 3384 10

128 3453 180 3494 τοι
197 3422 263 3514 ἅμα
288 3427 342 3494 καὶ
370 3429 540 3516 ἐπίτροπος
566 3427 621 3495 καὶ
639 3420 751 3513 κύριος
774 3418 866 3493 καῖ’
847 3449 908 3492 αντ
909 3427 1012 3500 ίδικος
1028 3409 1082 3508 ήν,
