2502 3930
199 166 238 229 18
618 159 747 210 ιειεοο
1053 160 1102 209 οε.
1122 159 1147 210 1.

198 361 260 404 νου
284 329 433 412 διάνοιαν
460 333 518 418 τής
545 325 700 421 ἡμετέρας
724 327 851 418 αὐτόν,
882 327 1147 418 ἀποθνήσκοντες

200 435 237 504 δὲ
264 430 382 513 ἀλλους
411 429 632 522 κληρονόμους
662 429 891 520 ἐβουλήθημεν
924 431 1008 501 εἶναι
1039 427 1146 501 αύτωο

111 539 114 552 “
146 549 179 599 47
197 537 320 625 μᾶλλον
343 527 363 620 ἢ
386 529 445 602 τόν
467 530 600 602 πάντων
623 530 830 602 οἰκειότατον.
873 527 959 602 ὥσθ’
983 527 1066 620 ἡμᾶς
1087 533 1147 621 μέν

198 639 235 706 έν
262 630 473 724 ἀμφοτέροις,
501 622 527 701 ό
554 629 690 721 ἀνδρες,
721 634 776 702 καλ
810 635 846 700 έν
874 635 920 724 τῷ
948 636 1064 702 δοῦναι
1093 635 1145 700 καλ

199 739 234 806 έν
256 737 303 828 τῷ
324 741 439 821 λαβεῖν
460 740 602 813 οἰκείους
629 731 725 813 ὄντας
752 727 923 821 εὑρήσετε,
952 731 1087 812 τούτους
1111 733 1145 802 δὲ

119 863 123 874 ’
197 840 262 907 νύν
279 836 340 925 μέν
356 831 655 923 ἀναισχυντοόυτας
672 835 727 902 καὶ
744 829 805 920 τήν
817 830 999 919 οἰκειότητα
1017 835 1072 910 καὶ
1088 831 1148 920 τήν

199 931 386 1029 ἀγχιστείαν
409 935 579 1022 λέγοντος,
603 930 653 1002 ότι
676 931 845 1022 λήψεσθαί
858 961 889 1002 τι
906 935 1146 1018 προσδοκῶσιν·

201 1041 236 1106 έν
255 1034 292 1104 δὲ
313 1038 359 1126 τῷ
383 1035 499 1104 δοῦναι
522 1031 663 1114 πολλούς
684 1027 726 1103 ἀν
749 1033 804 1103 καλ
826 1047 996 1121 συγγενεῖς
1018 1035 1072 1102 καλ
1095 1043 1146 1120 φί-

199 1145 276 1215 λους
295 1137 423 1204 ἐκείνου
440 1142 630 1224 προείλοντο
648 1135 872 1223 οἰκειοτέρους.

148 1251 181 1302 48
272 1233 464 1326 Κεφάλαιον
493 1235 530 1304 δὲ
551 1237 619 1310 τοῖν
642 1233 839 1323 εἰρημένων,
869 1223 1042 1324 ᾦπύντας
1064 1228 1150 1322 ὑμᾶς

199 1337 369 1426 προσέχειν
389 1339 442 1405 δεῖ
456 1331 513 1405 τόν
530 1338 627 1404 νοεῖν·
646 1330 712 1427 όσφ
736 1331 799 1425 γάρ
821 1329 863 1404 ἀν
879 1337 982 1403 ταύτα
1000 1337 1150 1422 λέγοντες

199 1433 407 1526 ἀποφαίνωσι
431 1438 486 1505 καὶ
508 1439 683 1526 πειρῶνται
707 1444 838 1504 πείθειν
861 1429 946 1523 ύμᾶς
964 1430 1008 1516 ἀς
1026 1422 1150 1515 ἐκεῖνος

200 1540 329 1607 διέθετο
346 1535 466 1616 ταύτας
484 1533 540 1617 τάς
560 1533 721 1624 διαθήκας
739 1537 793 1605 καὶ
812 1531 891 1605 ούδλ
909 1532 1039 1605 πόποτε
1056 1531 1149 1604 ύστε-

198 1649 259 1728 ρον
282 1634 372 1730 αύτῷ
399 1639 609 1726 μετεμέλησε,
638 1639 693 1705 καὶ
716 1640 781 1708 οὖν
809 1635 870 1725 μὲν
893 1633 1045 1723 ἐβούλετο
1067 1631 1152 1723 ήμάς

199 1737 303 1828 μηδὲν
320 1741 387 1808 τεόν
404 1732 509 1807 αύτού
525 1743 655 1825 λαβεῖν,
679 1745 773 1826 σφίσι
792 1733 823 1805 δ’
843 1731 954 1816 αὐτοῖς
972 1739 1153 1823 βεβαιῶσαι

148 1857 182 1908 49
198 1836 258 1926 τήν
277 1837 422 1929 δωρεύν,
441 1838 613 1906 καὶταῦτα
630 1836 736 1908 πύυτα
753 1840 902 1925 λέγοντες
919 1837 974 1905 καὶ
994 1841 1152 1924 διισχυρι-

200 1938 325 2028 ζόμενοι
353 1941 531 2028 μηδέτερον
553 1934 779 2026 ἀποφαίνωσι,
810 1933 893 2026 μήθ’
919 1931 971 2016 ἀς·
988 1939 1153 2026 ἐγγυτέρω

199 2042 246 2131 τῷ
261 2042 349 2126 γένει
367 2036 567 2127 προσήκουσι
583 2034 665 2127 μήθ’
685 2033 729 2118 τός
746 2036 943 2127 οἰκειότερον
959 2031 1053 2125 ήμοόν
1070 2034 1156 2125 πρός

199 2138 401 2228 Κλεώνυμον
420 2142 593 2226 διέκειντο,
616 2133 710 2228 ύμεῖς
735 2141 937 2226 ἐνθυμεῖσθε
954 2133 1004 2207 ότι
1023 2139 1156 2206 ἐκείνου

201 2243 455 2328 κατηγοροῦσιν,
479 2233 551 2308 ἀλλ’
577 2235 637 2327 ούχ
661 2233 705 2318 ὦς
730 2236 857 2307 δίκαιόν
876 2241 942 2306 έστι
965 2234 1002 2306 τό
1020 2239 1157 2326 πρᾶγμα

146 2364 181 2416 50
201 2337 414 2410 διδάσκουσιν
430 2335 522 2428 ὑμᾶς.
554 2335 638 2409 ὥσθ’
657 2334 751 2428 ὑμεῖς
768 2334 847 2408 όταν
864 2337 925 2426 μὲν
942 2353 1010 2418 τοῖς
1022 2335 1157 2407 τούτων

200 2439 307 2527 λόγοις
330 2437 517 2528 πιστεύητε,
542 2435 582 2508 ού
605 2437 741 2519 τούτους
763 2437 918 2528 προσήκει
935 2439 1069 2525 ποιήσαι
1085 2441 1158 2507 των

201 2544 329 2618 ἐκείνου
358 2537 599 2630 κληρονόμους,
632 2536 715 2608 ἀλλά
741 2537 926 2628 παράνοιαν
947 2537 1157 2626 Κλεωνύμου

200 2638 492 2730 καταγιγνώσκειν,
514 2636 594 2709 όταν
617 2641 654 2708 δέ
676 2656 743 2720 τοῖς
760 2634 945 2728 ήμετέροις,
971 2636 1101 2708 ἐκεῖνόν
1119 2665 1158 2708 τε

200 2748 343 2830 νομίζειν
366 2737 476 2831 ὀρθῶς
505 2743 750 2828 βεβουλεῦσθαι
780 2743 879 2808 λύσαι
908 2736 965 2820 τάς
990 2737 1160 2825 διαθήκας

200 2840 418 2932 βουλόμενον,
441 2836 524 2929 ἡμᾶς
547 2867 582 2908 τε
605 2837 649 2928 μή
675 2855 896 2928 συκοφαντεῖν
917 2835 999 2908 ἀλλά
1019 2844 1159 2918 δικαίως
1181 2867 1183 2879 ¹

148 2957 180 3007 51
200 2941 327 3012 τούτων
344 2937 572 3030 ἀμφισβητεῖν.
604 2945 731 3030 ἔπειτα,
751 2931 778 3009 ω’
794 2936 930 3030 ἀνδρες,
950 2943 1160 3027 ἐνθυμεῖσθε

199 3039 248 3112 ότι
266 3037 327 3130 ούχ
350 3037 421 3111 οἷόν
443 3067 479 3110 τε
495 3035 575 3129 ύμῖν
598 3043 665 3110 ἐστι
683 3037 764 3110 κατά
786 3037 862 3121 τούς
885 3039 1011 3110 τούτων
1035 3037 1160 3126 λόγους

198 3145 326 3230 γνῶναι
343 3144 419 3231 περὶ
437 3137 556 3210 αύτοῖν.
592 3138 726 3211 πάντων
743 3138 804 3232 γάρ
822 3135 864 3210 ἀν
882 3150 932 3229 είη
952 3137 1161 3227 δεινότατον,

203 3249 232 3312 εί
248 3243 314 3311 τεόν
337 3238 515 3312 ἀντιδίκων
537 3240 788 3330 γιγνωσκόντων
809 3235 892 3331 ἡμεῖς
916 3247 1044 3310 δίκαιον
1069 3239 1162 3309 εἶναι

201 3339 237 3412 τό
255 3343 350 3430 μέρος
373 3339 483 3413 αύτεόν
505 3349 636 3431 λαβεῖν,
660 3337 754 3432 ὑμεῖς
776 3337 895 3411 ἅπαντ’
921 3335 1041 3419 αύτούς
1066 3345 1163 3428 ἔχειν

201 3451 423 3532 ψηφίσαισθε,
441 3445 496 3512 καλ
508 3440 644 3524 τούτους
657 3443 718 3532 μέν
728 3437 911 3531 ἡγήσαισθε
922 3443 1037 3532 χρῆναι
1050 3448 1163 3510 πλείω
