2502 3930
119 199 173 248 On.
193 195 216 246 l.
291 194 382 248 ΠΕΡΙ
400 193 476 246 ΤΟΤ
494 195 732 248 ΚΛΕΩΝΤΜΟΤ
750 197 916 252 ΚΛΗΡΟΤ.
1044 203 1084 264 13

118 375 155 439 τί
174 393 254 437 ποτε
285 367 523 457 ἐπανορθώσας
551 371 752 491 κυριωτέρας
782 364 883 450 αάτάς
910 363 1018 458 ἡγοῖτ’
1042 363 1084 439 ἂν

119 471 268 558 ποιήσαι
287 484 356 549 τοῖς
372 466 437 560 γάρ
454 469 565 552 άλλοις
582 460 679 551 οὗτος
692 465 768 561 ὅρος
781 473 852 540 έστί
837 478 887 559 ίν,
907 498 942 541 ω
920 459 1082 560 άνδρες,

118 598 188 641 των
213 572 359 661 δωρειάν.
396 566 468 644 Ἔτι
492 571 529 642 δὲ
547 574 602 642 καὶ
626 581 660 642 εί
673 599 704 640 τι
723 569 933 663 προσγράψαι
946 569 1084 694 τούτοις
1101 597 1134 646 25

117 669 292 760 ἐβούλετο,
318 667 375 741 διά
396 680 432 742 τί
452 669 514 744 οάκ
538 677 575 744 ἐν
599 675 699 793 ἑτέρῳ
721 670 850 763 γράψας
873 667 957 743 αὐτά
980 701 1082 763 γραμ-

118 780 241 896 ματείῳ
272 776 463 863 κατέλιπεν,
492 771 606 863 ἐπειδή
636 771 676 843 τά
703 772 877 895 γράμματα
905 771 1010 895 παρά
1016 802 1083 843 των

117 870 290 964 άρχόντων
312 870 374 944 οὐκ
397 875 548 966 ἐδυνήθη
570 882 703 963 λαβεῖνς
726 872 858 946 άνελεῖν
875 873 956 966 γάρ,
982 902 1008 943 ω
1026 867 1082 945 άν-

119 983 214 1098 δρες,
238 972 300 1064 οὐχ
322 971 442 1056 οἷός’
413 1006 432 1048 τ
458 967 512 1065 ήν
539 974 619 1046 άλλο
641 994 865 1067 γραμματεῖον
888 971 910 1066 ή
932 972 969 1046 τό
993 973 1082 1066 παρά

116 1081 159 1166 τή
183 1073 269 1167 άρχῇ
291 1084 458 1168 κείμενον·
481 1077 607 1169 γράψαι
631 1074 664 1147 δ’
691 1080 767 1167 ἕξήν
790 1082 880 1159 είς“
861 1105 974 1170 ετερον
999 1087 1032 1150 εί
1051 1105 1082 1146 τι
1101 1139 1104 1146 .

119 1177 290 1267 ἐβούλετο,
314 1181 369 1249 καὶ
386 1175 586 1269 μηδὲ’τοῦθ’
609 1173 690 1269 ήμῖν
706 1175 995 1268 ἀμφισβητήσιμον
1014 1181 1080 1271 ἑήν.

116 1287 161 1350 Ec
177 1287 294 1349 τοίνυν
305 1281 361 1350 καὶ
379 1283 476 1351 τοότο
494 1278 786 1371 συγχωρήσαιμεν,
806 1276 850 1361 οδς
869 1284 993 1361 ἐκεῖνος
1006 1283 1082 1349 ἐπα·
1100 1307 1133 1360 20

115 1384 288 1471 νορθοὶσαι
305 1377 366 1461 τὰς’
381 1380 545 1470 διαθήκας
564 1379 735 1472 ἐβούλετο,
754 1384 836 1451 πάσι
853 1379 960 1470 δήπου
979 1408 1079 1470 φανε-
1157 1421 1166 1443 ι

116 1480 178 1573 ρδν
200 1477 283 1571 ὑμῖν
312 1485 400 1554 ἐστιν
428 1481 480 1553 ότι
502 1478 564 1553 οὐκ
586 1479 697 1573 ὀρθαῖς
721 1477 823 1563 αὐτάς
848 1489 935 1572 ἔχειν
957 1476 1078 1570 ήγεῖτο.

116 1590 223 1653 καίτοι
241 1600 393 1654 σκοπεῖτε
416 1585 471 1654 καὶ
496 1587 655 1655 ἐντεῦθεν
676 1581 738 1672 τήν
761 1580 998 1673 ἀναισχυντίαν
1022 1579 1080 1653 αό-

115 1688 201 1773 τοὸν,
230 1690 374 1765 οἵτινες
403 1683 524 1766 ταότοις
554 1682 611 1767 τάς
635 1683 798 1773 διαθήκας
822 1681 971 1768 άξιοῦσιν
995 1684 1080 1756 εἶναι

116 1794 251 1877 κυρίας,
280 1782 319 1866 δὶς
347 1781 544 1876 ὁμολογοῦσι
562 1783 640 1876 μηδ’
672 1782 774 1856 αὐτόν
797 1784 856 1857 τόν
881 1789 1081 1877 διαθέμενον

118 1886 245 1976 [ταῦτα]
271 1883 382 1977 ὀρθάς
405 1894 493 1977 ἔχειν
517 1882 691 1976 ήγεῖσθαι,
716 1890 771 1956 καὶ
794 1895 972 1960 πείθουσιν
995 1882 1080 1976 ὑμεῖς

117 1991 252 2058 ἐναντία
281 1991 337 2058 καλ
360 2006 429 2070 τοῖς
451 1987 563 2078 νόμοις
588 1991 643 2058 καὶ
667 1992 714 2081 τῷ
737 1993 855 2081 δικαίῳ
879 1990 935 2058 καὶ
958 1992 1001 2079 τή
1020 1991 1082 2057 τοῦ

115 2087 382 2211 τετελευτηκότος
404 2088 520 2180 γνάμη
539 2097 759 2179 ψηφίσασθαι.
785 2087 855 2160 Ἔτι
872 2097 989 2160 τοίνυν
1006 2085 1081 2159 τοό-
1099 2105 1131 2156 27

115 2219 183 2261 των
205 2186 363 2261 ἁπάντων
383 2187 616 2272 ἀναιδέστατος
643 2220 712 2262 των
733 2188 843 2279 λόγων
872 2187 1019 2280 έστίν,”
1000 2219 1080 2261 οταν

114 2295 257 2380 τολμωσι
276 2287 425 2379 λέγειν
402 2321 445 2373 ως
456 2290 657 2413 Κλεωνυμος
670 2287 806 2363 οάδδν
788 2297 872 2383 ημάς
890 2321 958 2362 των
975 2287 1081 2362 αὑτοῦ

115 2399 232 2480 λαβεῖν
250 2391 415 2481 ε’βοόλετο.
443 2401 566 2482 καίτοι,
586 2421 611 2464 ω
598 2381 767 2482 άνδρες,
791 2388 922 2475 ulvas*
900 2423 943 2464 αν
960 2391 1080 2473 άλλους

29 2577 32 2584 ¹
114 2498 218 2564 ταῦτα
237 2501 334 2584 ἔχειν
364 2493 531 2583 ἐβουλήθη
560 2490 735 2583 μάλλον”
714 2523 734 2583 η
758 2523 911 2582 τουτους,
941 2490 999 2575 οὖς
1023 2495 1078 2564 καὶ

115 2600 180 2682 ζων
199 2599 299 2665 ἐκ
250 2624 319 2667 των
337 2591 441 2666 αδτον
429 2599 591 2666 πλεῖστα
603 2623 671 2669 των
681 2602 814 2667 οἰκείων
832 2593 969 2686 ὠφέλεις
988 2594 1079 2667 Πάν·
1097 2613 1131 2664 28
1197 2653 1200 2671 ς

114 2726 183 2768 των
208 2693 239 2766 δ’
258 2691 302 2768 άν
327 2708 378 2786 εῖη
395 2695 690 2786 θαυμασιώτατον,
712 2704 743 2768 εί
763 2703 1000 2787 Κηφίσανδρος
1017 2697 1079 2785 μὲν

112 2795 131 2868 ὁ
150 2797 278 2869 τούτων
295 2807 416 2880 οἰκεῖος
434 2805 565 2870 δίκαιον
587 2794 699 2888 ήγεῖτο
724 2798 808 2870 εἶναι
826 2802 922 2889 με’ρος
941 2801 1079 2868 ἕκαστον

112 2895 209 2988 ήμῶν
238 2905 325 2990 ἔχειν
348 2904 406 2988 τής
428 2897 561 2988 οὐσίας,
591 2897 792 2990 Κλεώνυμος
818 2896 851 2970 δ’
875 2897 911 2981 ὃς
934 2889 977 2988 ήν
999 2894 1079 2988 ήμῖν

113 2998 312 3080 οἰκειότατος
336 3004 391 3070 καὶ
415 2995 500 3090 ήμάς
524 3008 571 3082 είς
593 2998 655 3090 τήν
677 3008 788 3073 οἰκίαν
810 2999 871 3090 τήν
896 2997 1000 3071 αὑτοῦ
1022 3009 1078 3069 λα-

113 3099 186 3191 βιδν
205 3099 389 3191 ἐθεράπευε
411 3104 466 3170 καὶ
491 3105 677 3192 ἐπεμελεῖτο
694 3107 763 3173 των
781 3098 949 3193 ήμετέρων
967 3099 1077 3193 ὥσπερ

104 3208 182 3274 τόν
205 3197 311 3273 αὑτοῦ
333 3200 550 3293 πραγμάτων,
574 3194 670 3285 οὗτος
692 3203 791 3293 μόνος
817 3203 970 3293 ἐβούλετο
993 3197 1077 3292 ήμάς
1229 3289 1230 3308 ,

112 3301 279 3395 άκλήρους
298 3303 383 3374 εἶναι
400 3307 468 3374 τοῖν
485 3299 598 3375 κότου
635 3307 689 3374 καὶ
707 3313 757 3386 τίς
774 3300 817 3377 άν
833 3302 929 3396 ὑμῶν
946 3301 1078 3374 πιστεό·
1096 3323 1129 3375 29
1228 3309 1230 3386 ἦ

113 3428 204 3476 σειεν
223 3401 461 3495 εὐνουστέρους
473 3408 528 3474 καὶ
545 3409 782 3496 μετριωτέρους
794 3436 871 3488 τους
889 3403 1078 3485 άντιδίκους
1228 3399 1229 3408 ¹

113 3503 275 3600 ήμῖνν
224 3506 275 3578 εῖν
276 3536 309 3577 οιι
339 3534 407 3578 των
436 3505 712 3593 οίειειοτάτωνςκ
693 3503 847 3578 κάκεῖνον
870 3495 1000 3599 μέν,
973 3533 998 3575 ω
1022 3509 1078 3576 και
