2490 3914
197 147 238 210 94
619 140 763 192 12A10T-
894 173 898 178 -
1056 140 1104 192 Οιι.
1123 143 1148 192 7.
1218 154 1219 212 η

197 311 366 384 στούντων
385 315 444 403 ἐμέ
457 339 494 382 τε
509 309 571 383 ούκ
582 309 810 402 ἀγνοούντων,
828 308 878 381 ὅτι
895 301 938 398 ἦν
957 316 988 395 ἐξ
1006 308 1150 402 ἀδελφῆς
1219 332 1220 372 1

197 409 289 508 αύτρί
310 413 471 502 γεγονώς,
498 411 701 504 ἐγγράφονσί
721 441 761 502 με
784 420 831 494 είς
854 409 891 482 τὸ
914 409 1028 483 κοινόν
1050 441 1150 503 γραμ-

197 530 332 604 ματεῖον
348 512 572 603 ψηφισάμενοι
588 513 726 603 πάντες,
755 515 927 593 ἐπιθέντος
946 517 1075 584 ἐκείνου
1090 510 1171 602 τὴν·
1220 583 1221 600 ,

72 619 73 624 ’
197 623 309 685 πίστιν
325 610 406 685 καθ’
425 617 534 705 ἱεράν.
570 617 625 684 καὶ
643 611 729 685 οὕτω
747 615 809 703 μέν
824 609 890 684 ύπό
908 617 1026 699 ζῶντος
1045 612 1150 700 έποιή·
1220 607 1221 634 ³

196 727 282 804 δην,
300 717 356 784 καὶ
374 723 420 796 είς
437 713 473 785 τό
490 711 604 785 κοινόν
620 731 842 806 γραμματεῖον
861 713 1048 805 ἐνεγράφην
1066 713 1149 805 Θρά-

197 824 316 896 συλλος
338 812 604 906 Ἀπολλοδώρου,
631 817 854 904 ποιησαμένου
872 843 912 886 οε
930 819 1059 886 ἐκείνου
1076 819 1149 885 τού-
1222 881 1223 898 ,

196 945 255 988 τον
279 912 338 986 τόν
363 914 499 1006 τρόπον,
526 919 593 986 τοῐν
618 914 729 1006 νόμων
756 911 847 1008 αύτῷ
864 913 1066 986 δεδωκότων.
1097 911 1151 996 Ὡς

199 1013 232 1085 δ’
252 1013 363 1105 ἀληδη
379 1019 480 1105 λέγω,
500 1018 585 1104 λαβέ
597 1046 652 1106 μοι
670 1013 727 1098 τάς
744 1024 934 1106 μαρτυρίας.

569 1182 780 1233 ΜΑΡΤΤΡΙΑΙ.

147 1331 180 1384 18
274 1319 374 1408 Οἶμαι
399 1311 587 1409 τοίνυν,
559 1349 585 1390 ω
612 1319 749 1412 ἀνδρες,
776 1323 901 1410 μᾶλλον
924 1315 967 1390 ἀν
983 1315 1068 1410 ύμάς
1085 1327 1163 1434 τολςλἱ

130 1488 132 1494 ,
196 1419 460 1511 μεμαρτυρηκόσι
491 1419 676 1510 πιστεύειν,
710 1423 766 1491 καλ
796 1426 915 1501 οἵτινες
940 1449 1009 1491 των
1033 1391 1164 1510 ὁμοίως

196 1519 430 1611 προσηκόντων
467 1527 574 1611 ἔργοις
604 1549 756 1612 φαυερως
788 1520 1078 1644 μεμαρτυρήκασιν
1109 1517 1152 1602 άς

198 1624 322 1701 ἐκεῖνος
342 1625 447 1691 ταῦτα
468 1617 579 1712 όρθως
602 1625 658 1692 καὶ
679 1621 762 1692 κατά
783 1620 860 1703 τούς
883 1620 1005 1710 νόμους
1024 1626 1150 1712 ἔπραξε.

198 1725 350 1792 κατέλιπε
372 1720 436 1813 γάρ
459 1719 606 1802 Εύπολις
628 1725 816 1814 ’θυγατέρας
836 1721 914 1811 δύο,
937 1720 1062 1810 ταύτην
1079 1718 1153 1810 nbi

194 1825 260 1892 νύν
284 1818 487 1912 ἀμφισβητεῖ
510 1826 566 1893 καὶ
591 1821 763 1914 Προνάπει
785 1838 949 1911 συνοικεῖ,
976 1825 1032 1892 καὶ
1049 1819 1152 1911 ἀλλην

194 1917 237 2012 ἣν
255 1930 351 2013 ἔσχεν
367 1930 528 2012 Αἰσχίνης
544 1919 563 1993 ὁ
580 1921 760 2012 Λουσιεύς,
786 1919 809 2011 ἢ
824 1921 1054 2012 τετελεύτηκεν
1078 1921 1153 1994 υίόν

145 2038 178 2090 19
194 2021 301 2115 ἀνδρα
317 2021 382 2111 ἤδη
394 2026 631 2113 καταλιπούσα,
643 2023 891 2116 Θρασύβουλον.
919 2031 986 2095 ἔστι
1006 2024 1044 2094 δέ
1052 2022 1153 2113 νόμος

194 2120 247 2212 ὃς,
273 2122 330 2194 έάν
353 2121 497 2213 ἀδελφός
519 2120 693 2216 ὁμοπάτωρ
717 2121 815 2206 ἀπαις
837 2123 1017 2214 τελευτήσῃ
1035 2122 1154 2214 καὶμὴ

88 2294 90 2298 .
197 2226 409 2313 διαθέμενος,
433 2224 495 2313 τήν
516 2252 552 2294 τε
574 2221 725 2314 ἀδελφὴν
745 2219 883 2315 ὁμοίως,
907 2219 970 2295 κάν
989 2229 1021 2308 ἐξ
1041 2227 1154 2314 ἑτέρας

194 2316 450 2414 ἀδελφιδοῦς
426 2353 448 2412 η
477 2323 637 2415 γεγονός,
650 2333 855 2449 ἰσομοίρους
882 2352 950 2395 των
977 2324 1154 2416 χρημάτων

195 2434 380 2514 καθίστησι.
421 2427 478 2495 καὶ
500 2429 597 2497 τούτο
620 2422 682 2496 ούκ
704 2423 932 2549 ἀγνοούμενόν
956 2429 1045 2496 ἐστιν
1069 2422 1154 2495 ούδε

195 2522 277 2619 παρ’
297 2522 410 2607 αὐτοῖς
426 2523 561 2607 τούτοις
598 2534 684 2650 ἔργφ
700 2525 763 2618 γάρ
780 2517 873 2598 ούτοι
887 2524 1046 2649 φανερόν
1055 2529 1155 2596 τούτο

194 2624 406 2715 πεποιηκασι
424 2629 486 2697 τού
496 2623 564 2750 γάρ
581 2625 768 2709 Εὐπόλιδος
778 2629 867 2709 υίέος
883 2623 1023 2708 ἄπαιδος
1039 2623 1155 2696 Ἀπολ-

194 2725 345 2818 λοδάρου
367 2725 624 2816 τελευτήσαντος
646 2725 686 2798 τά
708 2758 754 2817 ημ
755 2737 829 2799 ίσεα
846 2725 1085 2821 Θρασύβουλος
1109 2737 1155 2796 εῖ-

30 2873 34 2880 ·
116 2843 122 2848 ’
194 2836 317 2917 ληφεν,
350 2824 465 2909 ούσίας
496 2832 552 2901 κοιλ
582 2828 842 2900 πεντεταλάντου
874 2834 1155 2918 καταλειφθείσης

143 2941 177 2994 20
194 2933 326 3018 ῥηιδίως.
366 2927 529 3023 πατρῴων
551 2930 612 3019 μέν
635 2920 699 3000 ούυ
727 2933 782 3000 καὶ
805 2927 956 3019 ἀδελφοῦ
977 2926 1156 3020 χρημάτων

193 3025 230 3098 τό
248 3039 321 3099 ίσον
344 3026 456 3112 αὐτοῖς
481 3025 499 3100 ὁ
524 3027 623 3118 νόμος
640 3047 814 3120 μετασχεῖν
832 3035 986 3100 δίδωσιν·
1011 3025 1158 3112 ἀνεψιοῦ

196 3131 249 3218 δέ,
269 3133 324 3199 καλ
342 3140 375 3200 εί
388 3159 437 3211 τις
455 3134 515 3213 ἔξω
533 3128 654 3217 ταύτης
677 3135 734 3216 τῆς
751 3138 944 3219 συγγενείας
963 3133 1069 3217 ἐστίν,
1089 3125 1157 3198 ούκ

193 3240 284 3318 λσου,
311 3227 394 3299 ἀλλά
419 3232 587 3319 προτέροις
612 3246 681 3311 τοῖς
707 3229 820 3321 ἀρρεσι
842 3235 910 3302 τοῖν
926 3233 1075 3317 θηλειῶν
1090 3225 1158 3315 τὴν

193 3326 381 3420 ἀγχιστείαν
408 3336 573 3418 πεποίηκε.
620 3333 707 3419 λέγει
737 3331 800 3421 γάρ
832 3347 990 3423 ,,κρατεῖν
1014 3331 1051 3399 δέ
1073 3326 1157 3408 τούς

193 3426 334 3523 ἄρρενας
353 3432 408 3500 καὶ
424 3427 502 3511 τούς
520 3435 556 3501 ἐκ
573 3433 640 3502 τοῖν
658 3429 824 3524 ἀρρένων,
843 3440 877 3502 οδ
892 3427 934 3502 ἀν
952 3435 988 3501 ἐκ
1004 3433 1074 3500 τοῖν
1094 3424 1158 3500 αύ-
