2490 3914
66 180 98 230 χ).
117 158 160 212 88.
290 158 382 210 ΠΕΡΙ
397 157 473 208 ΤΟΤ
491 156 630 209 ΑΓΝΙΟΤ
648 155 812 208 ΚΛΗΡΟΤ.
965 163 1027 225 145

69 326 160 400 άπλά
182 327 245 419 γάρ
266 327 308 398 τά
331 335 442 399 δίκαια
465 326 674 401 παντάπασίν
703 333 770 399 έστι
799 331 855 399 καὶ
877 327 1029 420 γνύριμα

70 443 210 520 μαθεῖν·
238 425 259 500 6
277 427 340 518 έγοδ
360 427 415 499 διά
431 433 581 520 βραχέων
608 427 711 500 είπων
728 433 782 502 καί
800 433 1029 523 παρακαταθέ

71 559 169 620 μενος
193 526 275 620 ύμῖν
300 529 536 620 μνημονεύειν,
564 533 617 600 ἐπὶ
642 528 703 619 την
719 528 822 619 άλλην
847 527 1029 620 άπολογίαν

70 629 136 719 ἤδη
167 635 325 722 τρέψομαι
356 635 423 701 τῦν
448 635 751 721 κατηγορηθέντων.
799 640 835 702 τί
864 621 927 702 αῦν
961 639 1029 702 ἔστι

58 736 190 820 «ταῦτα,
209 733 316 802 καὶ
281 759 300 802 τ
301 737 528 821 ίδιορίζομαι;
547 759 562 800 ε
564 733 649 821 ίμδν
666 728 738 801 κατ’
757 728 945 820 ἀγχιστείαν
961 736 1029 802 των
1046 737 1080 790 33

65 829 201 921 ’Λγνίον
218 840 367 956 μετεῖναί
387 853 468 921 φησι
485 861 531 926 τω
519 834 642 902 παιδί
660 860 719 902 τον
708 827 949 922 ημικληρίον,
973 842 1031 902 λα·

68 937 153 1023 χέτω
176 932 258 1032 πρὸς
283 930 342 1004 τόν
366 930 523 1023 άρχοντα,
550 927 613 1003 κάν
629 927 725 1022 ὑμεῖς
742 939 953 1022 ψηφίσησθε,
971 942 1029 1002 λα·

69 1038 171 1122 βέτω
188 1037 291 1104 ταῦτα
308 1030 371 1124 γάρ
388 1032 476 1103 οῖ’
436 1061 531 1122 νομοι
548 1033 751 1108 κελεύουσιν
784 1040 814 1103 εί
831 1031 927 1102 δὲ
886 1031 1030 1122 μηκατά

69 1139 167 1205 τοῦτο
193 1131 408 1224 ἀμφισβητεῖ,
435 1136 573 1224 φησλδὲ
590 1128 794 1223 ὁμολογησαί
816 1161 856 1222 με
873 1163 918 1226 τςο
907 1138 1030 1205 παιδὶ

69 1234 290 1324 μεταδώσειν,
315 1233 499 1324 φάσκοντος
517 1239 599 1324 ἐμοῦ
612 1232 741 1306 τούτων
758 1234 843 1306 εἶναι
859 1236 964 1324 μηδὲν
983 1241 1031 1305 δι·

70 1335 248 1425 κασάσθω,
275 1331 337 1406 κάν
356 1339 502 1426 έξελέγξη
519 1364 560 1425 με
577 1331 621 1416 ὣς
639 1331 851 1425 άμολάγησα,
878 1332 945 1406 τότ’
965 1333 1029 1424 ἤδη

70 1436 268 1525 πραξάσθω·
314 1443 443 1507 δίκαιον
467 1435 530 1526 γάρ
557 1433 662 1517 οῦτως
688 1441 787 1507 ἐστίν.
832 1443 862 1506 εί
888 1439 925 1506 δὲ
950 1435 1031 1526 μήτε
1047 1442 1082 1497 34
1160 1487 1162 1493 ·

69 1535 155 1658 πρὸς
173 1539 228 1626 ἐμὲ
245 1537 326 1626 μήτε
343 1529 417 1608 κατ’
446 1539 527 1626 ἐμοῦ
543 1544 640 1626 δίκην
658 1538 749 1608 εἶναί
761 1557 891 1630 φησι
859 1541 907 1607 τοῦ
923 1542 1029 1631 παιδί,

70 1635 128 1708 τόν
147 1636 317 1760 κωλῦοντμ
333 1636 436 1727 νόμον
454 1636 593 1727 εἰπάτω,
610 1666 673 1708 καν
691 1645 748 1729 ἔχη
766 1641 886 1727 δείξαι,
904 1641 1030 1727 λαβέτω

69 1735 195 1808 „az”
153 1767 241 1809 ονιω
267 1735 303 1810 τδ
330 1742 427 1829 μέρος
451 1743 519 1809 τάν
544 1738 726 1861 χρημάτων.
772 1745 803 1807 εί
828 1735 860 1806 δ’
888 1729 933 1808 αῦ
951 1734 1029 1828 μήτ’

70 1837 332 1910 έπιδικάσασθαί
354 1861 436 1934 φησι
463 1846 536 1910 δεῖν
560 1845 622 1910 τοῦ
645 1835 842 1958 ημικληρίον
867 1837 948 1928 μήτε
961 1868 1031 1962 μην

70 1939 290 2062 δικάσμσθαι,
318 1937 390 2010 ἄλλ’
409 1937 489 2062 ηδη
493 1940 577 2011 εἶναι
602 1944 706 2011 ταῦτα
722 1970 781 2012 του
770 1936 970 2028 καιδάς,’
951 1966 1031 2010 απο-

68 2039 257 2133 γραψάσθω
284 2039 365 2132 πρὸς
390 2039 449 2112 τδν
467 2038 608 2132 άρχοντα
634 2049 681 2123 είς
698 2070 759 2130 την
780 2046 948 2129 μίσθωσιν
963 2043 1032 2110 των

70 2145 201 2214 ἐκείνου
218 2141 410 2233 χρημάτων,
438 2137 480 2230 ἣν
497 2137 515 2213 6
532 2140 784 2231 μισθωσάμενος
809 2139 973 2231 εἰσπράξει
990 2167 1031 2230 με

69 2248 176 2314 ταῦτα
202 2238 247 2325 ῦς
271 2241 351 2314 ὄντα
376 2247 439 2313 τοῦ
463 2242 588 2324 παιδός.
639 2247 743 2314 ταῦτα
768 2239 896 2363 μεγάλρι
922 2239 1033 2312 δίκαιά
1049 2256 1086 2309 35

70 2348 149 2414 ε’στι
184 2348 288 2415 ταντα
305 2347 414 2414 καὶ
379 2372 410 2415 οι
429 2343 524 2432 νόμοι
541 2343 750 2433 κελεύουσιν,
778 2337 818 2416 ού
844 2371 889 2431 μα
878 2339 974 2414 Δία
991 2339 1032 2414 ού

68 2441 201 2534 γραφάς
220 2447 276 2535 ἐμὲ
291 2443 433 2533 φεύγειν
450 2435 567 2536 περὶ
539 2473 587 2515 ων
606 2451 698 2526 δίκας
712 2452 799 2527 ἰδίας
818 2443 903 2524 εἶναι
920 2470 1033 2514 πεποι-

67 2545 206 2635 ηκασιν,
234 2542 316 2616 ούδε
332 2543 546 2616 κινδυνεύειν
564 2548 639 2636 περὶ
656 2550 718 2617 τοῦ
726 2531 898 2637 σώματος,
924 2542 974 2615 ὅτι
991 2541 1032 2614 οῦ

69 2653 323 2740 μεταδίδωμι
291 2676 337 2717 τω
326 2649 451 2717 παιδὶ
469 2645 613 2736 τούτων,
632 2643 655 2717 6
670 2646 771 2741 ψήφῳ
788 2643 951 2735 κρατησας
970 2643 1033 2734 ἐγω

68 2745 150 2827 τούς
177 2753 310 2835 ἔχοντας
335 2745 423 2818 οῦτω
452 2744 533 2838 παρ’
560 2743 656 2837 ῦμῦν
682 2755 818 2836 ἔλαβον
845 2741 919 2814 ἀλλ’
948 2755 981 2814 εί
1002 2775 1035 2816 τι

68 2851 140 2917 των
166 2843 437 2937 ὁμολογουμένων
464 2848 550 2918 εἶναι
574 2853 636 2919 τοῦ
660 2846 777 2929 παιδὸς
796 2846 958 2934 εἷχονκαῑ
975 2875 1033 2918 κα·

69 2952 139 3028 κως
152 2949 292 3036 διέθηκα
303 2945 379 3018 ὥστ’
395 2953 522 3020 ἐκεῖνον
534 2952 731 3038 κακοῦσθαι,
743 2947 817 3018 τότε
833 2943 875 3017 άν
886 2976 942 3035 μοι
952 2946 1036 3018 κατά

68 3046 198 3135 ταύτην
220 3051 365 3139 προσῆκε
387 3057 561 3139 κρίνεσθαι
583 3047 645 3139 την
667 3048 819 3140 γραφήν,
843 3045 884 3118 ού
907 3046 952 3137 μά
974 3044 1034 3118 Δί’

69 3146 135 3219 ούκ
154 3151 207 3218 ἐπὶ
224 3164 293 3229 τοῖς
312 3153 409 3237 ἐμοῖς.

141 3245 214 3320 Ὅτι
230 3250 292 3339 μὲν
309 3239 373 3319 οῦν
390 3246 468 3318 οῦτε
485 3253 561 3340 περὶ
572 3247 699 3320 τούτων
716 3246 818 3320 οῦδὲν
832 3255 962 3318 δίκαων
979 3274 1035 3318 πε
1052 3267 1088 3318 36

69 3357 212 3438 ποίηκεν
230 3347 306 3421 οὔτε
324 3352 400 3440 περὶ
416 3353 486 3420 τῦν
503 3347 612 3422 άλλων
629 3347 753 3439 άληθδς
770 3345 872 3420 οῦδὲν
891 3358 1034 3438 εἴρηκεν,

68 3448 203 3545 άπαντα
227 3453 265 3521 δὲ
284 3454 402 3532 δεινιῦς
418 3454 592 3544 πλεονεξίᾳ
608 3449 830 3551 μεμηχάνηται
849 3448 1037 3540 διαβάλλων

120 3566 235 3616 Imus.
842 3568 879 3628 10
