2490 3914
97 130 149 185 Οιι.
164 131 203 182 12.
406 129 508 180 ΤΠΕΡ
524 128 756 180 ΕΤΦΙΛΗΤΟΤ.
863 159 868 170 ¹
992 134 1053 197 153
1068 152 1071 157 ’

99 319 169 382 ταῖς
187 306 397 425 μαρτυρίαις,
426 330 452 370 ιο
440 291 591 424 ἄνδρες
610 306 777 423 δικασταί,
804 301 936 391 πρῶτον
951 297 1051 389 μὲν
1032 330 1053 390 η

98 431 157 472 τον
145 398 367 524 Ἐὐφιλήτου
393 400 514 524 μήτηρ,
540 395 583 489 ἢν
599 391 690 472 οὗτοι
715 396 933 500 ὁμολογοῦσιν
949 397 1054 489 ιἰστὴν

99 497 245 591 εἶναι,”
226 529 328 624 ορκον
349 497 467 625 ὀμόσαι
492 504 546 571 ἐπὶ
562 529 621 571 του
612 495 823 588 διαιτητοῦ
828 499 981 588 ἐβούλετο
1000 505 1053 573 ἐπὶ

97 609 271 696 Δελφινίῳ
296 592 319 691 6
342 599 409 691 μὴν
433 604 565 672 τουτονὶ
582 598 775 691 Εὐφίλητον
800 601 885 672 εἶναι
903 597 993 685 ίξ’
952 605 1054 690 αυτῆς

99 705 157 773 καὶ
175 731 234 773 του
226 698 414 794 ἡμετέρου
431 701 561 792 πατρός.
599 709 704 772 καίτοι
720 709 797 772 τίνοι
812 706 958 793 προσῆκε
974 707 1054 792 μᾷλ·

97 813 158 874 λον
183 799 287 892 αὐτῆς
300 807 440 926 ἐκείνης
464 807 560 874 τούτο
578 807 718 889 είδέναι;
715 809 864 926 ἔπειτα,
890 795 1055 926 ύύνδρες
1096 821 1097 826 ’

99 909 266 992 δικασταί,
293 900 312 974 6
338 902 443 997 πατὴρ
468 899 486 974 6
511 899 685 993 ἡμέτερος,
711 931 752 974 ον
778 897 863 985 είιιός
890 907 957 974 ἐστι
974 901 1055 994 μετὰ

97 1003 159 1126 την
175 1003 294 1074 τούτου
305 999 465 1095 μητίριι”
443 1026 561 1095 αριστα
576 1001 634 1075 τόν
644 1000 748 1074 αὐτου
737 1001 835 1075 νίδν
844 1002 1053 1094 γιγνώσκειν,

97 1094 195 1186 οὐτος
221 1104 331 1174 καὶ’
294 1132 367 1175 τοτε
392 1106 447 1174 καὶ
463 1107 542 1175 νυνὶ
561 1101 749 1192 βούλευμ’
732 1104 849 1194 ομόσαι
865 1096 889 1194 6
903 1103 970 1196 μὴν
987 1100 1055 1174 Εὐ-

97 1212 239 1325 φίλητον
256 1207 452 1276 τουτονὶί
413 1234 436 1275 υ
437 1202 489 1276 ίδν
516 1197 602 1276 εἶναι
627 1202 732 1276 αὐτού
758 1202 826 1288 ίξ’
807 1210 907 1293 αστῆς
924 1207 979 1275 καὶ
997 1236 1054 1295 γα-

96 1309 196 1395 μετῆς
213 1303 377 1394 γυναικός.
422 1304 503 1397 ιιρός
520 1304 649 1387 τούτοις
665 1312 796 1395 τοίνυν,
825 1335 850 1375 οι
838 1296 988 1396 ἄνδρες
1007 1313 1054 1376 δι
1073 1316 1106 1369 10

96 1415 218 1476 κασταί
223 1403 332 1497 ,ἐγω
368 1404 548 1497 ἐτύγχανον
581 1407 642 1496 μὲν
675 1410 960 1529 τρισκαιδεκαέτης
995 1401 1053 1496 όν,

98 1503 209 1598 ὥσπερ
235 1504 467 1630 καὶπρότερον
473 1503 640 1630 είιιρν,”
621 1534 676 1578 οτε
691 1496 788 1588 οὗτος
806 1509 995 1596 ἐγένετο,”
974 1535 1054 1577 ετοι-

96 1637 171 1700 μος
185 1603 216 1677 δ’
237 1603 340 1697 εἰμί’
323 1604 440 1696 ομόσαι
464 1597 570 1729 6666
585 1603 779 1729 Εὐφίλητον
803 1611 935 1678 τουτονὶ
959 1604 1055 1677 ιἰδελ-

97 1706 164 1796 φὸν
192 1707 276 1778 είναι
304 1702 478 1796 6669606‘
462 1706 669 1799 ομοτιύτριον.
706 1705 805 1798 ὥστε,
824 1737 851 1777 ω
839 1699 988 1829 ἄνδρες
1007 1714 1054 1777 δι·

96 1816 234 1897 κασταί,
273 1800 465 1889 δικαίοιςἸ
445 1836 488 1878 αν
521 1810 577 1878 καὶ
609 1806 687 1889 τούς
708 1803 902 1931 ἡμετέρους
936 1806 1055 1898 ὅρκους

96 1910 311 2000 πιστοτέρους
336 1937 399 1997 νομ
401 1904 534 1994 ίζοιτε”
514 1937 535 1996 η
552 1906 630 1990 τούς
655 1903 784 1979 τούτων
802 1907 934 1997 λόγους
961 1903 1081 1998 ἡμεῖς

97 2010 159 2098 μὲν
97 2006 239 2100 μγιὶρ
257 2005 402 2100 ἀκριβῶς
420 2036 435 2078 ε
437 2006 578 2090 ίδότες’
560 2008 679 2098 ομόσαι
690 2012 767 2099 περὶ
784 2005 888 2131 αὐτφν
876 2011 1053 2098 θέλομεν,

97 2099 190 2179 ούτοι
217 2110 254 2178 δὲ
279 2112 383 2179 ταῦτα
399 2105 573 2196 ἀκηκοότες
600 2106 689 2200 τιαρά
712 2113 780 2180 τοῖν
796 2107 915 2232 τρύτον
940 2106 1056 2199 διαφό-

98 2238 168 2298 ραν
192 2238 213 2298 η
198 2204 333 2279 ἀὐτοὶ
359 2208 555 2291 πλάττοντες
580 2213 721 2298 λέγουσι.
762 2207 843 2296 πρὸς
862 2210 899 2279 66
915 2208 1054 2298 τούτοις,
1074 2228 1105 2278 11

99 2338 125 2379 ω
113 2299 264 2401 ἅνδρες
283 2305 485 2399 δικασταί,
467 2327 560 2399 ημεῐς
570 2312 633 2401 μὲν
649 2307 726 2391 τούς
744 2326 916 2399 συγγενεῖς
933 2309 1055 2400 μάρτυ-

99 2439 159 2501 ρας
175 2413 231 2480 καὶ
249 2413 302 2480 ἐπὶ
319 2411 387 2481 τόν
399 2413 574 2499 διαιτητῶν
584 2414 640 2481 καλ
654 2406 709 2500 ἐφ’
726 2406 822 2500 ύμιῖν
832 2408 1054 2501 παρεχόμεθα,

98 2507 148 2592 οἷς
173 2507 236 2582 οὐκ
261 2507 353 2594 ἄξιον
378 2507 542 2582 όπιστεῐν·
570 2501 661 2582 ούτοι
680 2512 733 2600 δέ,
768 2508 880 2598 ἐπειδὴ
907 2505 1055 2599 ἔλαχενό

27 2610 31 2618 ’
98 2607 289 2701 Εὐφίλητος
313 2608 376 2700 τὴν
403 2617 500 2699 δίκην
525 2608 585 2699 τὴν
611 2614 775 2702 προτέραν
801 2613 847 2704 τῷ
872 2613 974 2703 κοινςὸ
990 2615 1057 2681 τοῖν

100 2715 252 2800 δημοτύν
277 2714 333 2782 καὶ
351 2714 399 2804 τῷ
414 2709 488 2781 τότε
506 2707 782 2802 δημαρχοῦντι,
771 2707 807 2792 69
824 2712 889 2781 νύν
907 2679 1057 2833 τεύελεύ·

98 2839 194 2900 τηκε,
214 2809 275 2881 660
293 2818 348 2900 ἔτη
365 2841 424 2882 του
413 2810 664 2901 αἱδιαιτητού
628 2841 689 2901 την
708 2818 838 2882 δίαιταν
849 2817 978 2902 ἔχοντος
996 2807 1058 2880 οὐκ

100 2909 315 3000 ἐδυνήθησαν
341 2909 502 3002 οὐδεμίαν
527 2920 712 3004 μαρτυρίαν
740 2908 851 3003 εὑρεῖν
877 2907 922 2993 69
944 2907 1057 2983 οὐτοσὶ

98 3010 203 3082 ἄλλον
228 3009 317 3092 τινός
343 3011 464 3103 πατρός
491 3009 626 3085 ίστιν”
605 3043 671 3110 η
652 3042 712 3084 του
699 3009 896 3103 ἡμετέρου
931 3029 1000 3091 τοῖς
1020 3012 1057 3080 66

100 3114 250 3182 διαιτιόσι
273 3113 411 3200 μίγιστα
427 3131 546 3203 σημεῖα
563 3105 605 3204 ἦν
622 3143 682 3184 του
669 3111 890 3196 ψεύδεσθαι
907 3110 1056 3199 τούτους,

99 3215 155 3282 καὶ
181 3210 423 3302 κατεδιῄτησαν
448 3209 559 3284 αὐταῖν
584 3212 769 3344 ἀμφότεροι.
814 3220 885 3282 Καί
904 3241 958 3302 μοι
976 3212 1057 3299 λαβὲ

98 3315 157 3401 τῆς
175 3314 335 3407 ιτροτίρας
354 3320 426 3384 διαί
423 3342 481 3402 της
498 3312 559 3402 την
576 3321 768 3415 μαρτυρίαν.

481 3445 679 3497 MAPTTPIA.
