2490 3914
98 157 124 208 p
142 141 183 192 οι
240 102 421 190 110121606
439 135 723 188 ιιιοοοοιαεον
740 135 903 190 αισεου.
1012 143 1051 206 91

172 307 316 387 Εὔπολις
329 305 403 428 γάρ,
423 335 449 376 ον
438 275 598 398 άνδρες,
611 309 666 376 καὶ
681 305 871 431 Θράσυλλος
883 311 937 378 καὶ
956 309 1054 432 Mv6·
1069 331 1086 383 0

95 431 165 480 σοιν
188 397 373 529 άδελφολ
350 428 436 495 ησαν
459 402 647 499 ὁμομήτριοι
668 403 757 476 παὶ
742 407 940 500 ομοπάτριοι.
978 410 1052 480 τοά·

96 538 163 590 τοις
181 506 300 580 οὐσίαν
317 503 335 578 6
353 506 460 631 πατήρ
477 511 629 579 κατέλιπε
646 505 789 597 πολλήν,
814 504 898 579 ὥστε
915 513 970 580 καὶ
987 520 1052 580 λει-

94 626 253 702 τουργεῖν
271 613 409 680 ἕκαστον
427 605 602 692 ἀξιοῦσθαι
619 605 697 697 παρ’
716 604 807 698 ὑμῖν.
831 607 959 698 ταύτην
970 614 1052 700 ἐκεῖ·
1072 640 1077 650 ’

86 739 148 790 Ινοι
165 727 253 801 τρεῖς
269 707 362 790 ὄντες
377 713 548 798 ἐνείμαντο
560 707 640 800 πρδς
651 706 821 797 ἀλλήλους.
844 709 972 781 τούτων
991 711 1053 782 660

90 810 312 900 ,ἐτελεύτησαν
334 813 409 901 περὶ
431 807 490 880 τὸν
508 806 609 880 αάτδν
626 808 761 900 χρόνον,
785 806 802 880 6
821 811 882 900 μὲν
899 810 1052 900 Μνήσων

94 911 221 982 ἐνθάδε
243 909 368 1000 άγαμος
390 913 444 981 ααλ
469 908 584 1000 άπαις,
609 906 626 981 6
652 913 689 980 δὲ
712 909 902 998 Θράσυλλος
925 917 992 983 666
1016 917 1053 984 έν

90 1021 234 1102 Σικελίᾳ
268 1014 457 1100 καταλεγεὶς
491 1009 715 1106 τριηράρχων,
750 1010 940 1083 καταλιπεδν
956 1010 1053 1084 νίδν

90 1081 342 1233 Ἀπολλάδωρον
375 1108 433 1182 τὸν
468 1112 523 1201 ἐμὲ
551 1116 615 1183 666
648 1111 877 1201 ποιησάμενον.
906 1110 1086 1196 Εάπολιςς

90 1203 155 1283 066
189 1212 291 1303 μόνος
318 1209 430 1283 αὐτοῖν
457 1215 609 1301 λειφθεὶς
636 1209 677 1281 06
705 1210 804 1334 μριιρά
832 1214 836 1301 Ι
866 1210 1052 1284 άπολαῦσαι

88 1317 159 1384 666
191 1311 367 1436 χρημάτων
397 1310 552 1403 ἠξίωσεν,
585 1309 667 1382 άλλά
698 1310 756 1382 τδν
786 1314 848 1402 666
873 1288 1052 1402 Μνήσονος
1097 1405 1100 1410 ¹
1213 1335 1214 1340 '

88 1417 234 1505 κλήρου,
253 1442 294 1483 ον
283 1404 367 1536 666
383 1411 618 1507 Ἀπολλοδώρῳ
630 1417 775 1504 προσήκε
791 1411 827 1484 τὸ
845 1410 1050 1537 ήμιοιλήριον,

87 1513 200 1637 πάντα
227 1521 274 1595 εἰς
298 1510 399 1585 αὑτὸν
417 1522 642 1606 περιεποίησε,
669 1513 807 1603 φάσκων
825 1511 914 1608 αάτφ
903 1518 1052 1586 δοῦναι

85 1611 147 1684 τδν
173 1612 341 1737 άδελφόν,
370 1643 471 1684 αυτον
490 1611 522 1683 δ
548 1611 739 1685 έιιεῖνον”
697 1643 783 1685 ουτοι
803 1587 965 1707 διῴαήσεν
985 1618 1051 1685 έπι·

83 1713 266 1805 τροπεάαν
289 1711 374 1785 ὥστε
395 1718 496 1838 6666
514 1711 603 1808 αάτφ
592 1713 790 1786 ταλάντων
809 1721 907 1838 δίκην
924 1712 1049 1803 ὀφλεῖν.

81 1810 348 1905 Ἀρχέδαμος
308 1844 372 1905 γαρ
393 1810 411 1886 6
434 1814 565 1896 666609
587 1811 708 1904 0660'9,
733 1819 764 1898 ἐξ
787 1804 831 1884 06
851 1813 912 1903 τήν
930 1818 1085 1938 μητέραῖ

83 1922 164 2036 έσηε
181 1912 247 2002 τήν
260 1911 526 2038 Ἄπολλοδφρου,
543 1915 742 2004 τήθηνδέέ
741 1914 824 2038 666,
842 1911 931 2007 6666
949 1911 1044 1986 αὐτὸν

82 2013 228 2139 πάντων
258 2011 542 2142 ἀποστερούμενον
564 2019 632 2086 τῶν
653 2014 843 2105 χρημάτων,
877 2019 996 2107 ἔτρεφέ
1015 2043 1051 2086 τε

82 2112 194 2185 αὐτὸν
219 2119 325 2184 παῖδα
346 2112 424 2186 666'
444 2112 488 2196 69
507 2119 643 2205 ἑαυτοῦ,
669 2112 779 2186 καὶ
743 2144 804 2203 την
821 2118 944 2207 μητέρα
960 2131 1051 2205 νομι-

81 2215 250 2336 σάμενος,
270 2211 372 2305 άνδρί
386 2243 421 2285 τε
438 2220 604 2338 γενομένῳ
628 2223 877 2304 συνηγωνίσατο
894 2219 999 2286 πάλλε
986 2219 1050 2285 σε

79 2320 190 2406 πραξε
213 2312 253 2384 τδ
276 2310 470 2405 ἡμικλήριον
493 2306 540 2386 66
563 2315 715 2404 Μνήσαν
738 2313 954 2387 κατέλιπεν“
935 2337 997 2388 οσα
1014 2345 1051 2386 τε

80 2420 119 2484 έκ
143 2419 206 2504 τῆς
234 2418 410 2504 ἐπιτροπῆς
431 2413 651 2507 ἀπεστέρησε,
677 2422 770 2497 δίκας
795 2416 856 2489 660
876 2414 976 2488 ἕλάν.
995 2419 1051 2486 καὶ

76 2514 142 2604 τήν
171 2512 298 2585 οὐσίαν
330 2518 405 2585 έποί
390 2523 463 2603 ίησε
488 2524 687 2606 κομίσασθαι
713 2513 774 2604 τήν
801 2513 905 2587 66606
930 2520 1048 2587 πάσαν.

77 2619 137 2686 οιαὶ
158 2612 218 2686 διά
236 2619 343 2685 ταῦτα
355 2613 501 2698 Εὔπολις
518 2618 579 2706 μὲν
597 2619 652 2687 καὶ
667 2613 911 2708 Ἀπολλόδωρος
925 2620 1051 2707 ἐχθροῖς
1068 2642 1085 2694 e

76 2725 218 2806 ἔχοντες
236 2713 297 2785 τὸν
315 2715 421 2787 πάντα
438 2714 558 2807 χρόνον
576 2720 763 2788 διετέλεσαν
779 2714 860 2808 πρὸς
878 2714 1049 2805 άλλήλονς,

73 2813 93 2887 6
115 2819 155 2888 δὲ·
174 2815 314 2896 πάππος
325 2812 426 2906 06669
438 2818 494 2887 καὶ
508 2813 753 2907 Ἀπολλόδωρος
764 2822 920 2906 φιλικῶς,
939 2815 1050 2906 ὥσπερ

73 2921 243 3009 προσῆκε.
285 2933 354 2996 τοῖς
379 2914 411 2985 δ’
438 2923 545 3008 ἔργοις
569 2915 611 2988 άν
634 2946 682 2999 τις
699 2917 893 3009 τεκμήραιτο
910 2916 1051 3006 μάλιστα

72 3016 126 3089 ὅτι
143 3013 402 3104 Ἀπολλόδωρος
419 3020 589 3089 πέπονθεν
606 3014 625 3088 6
642 3015 850 3089 άντενποιεῖν
862 3015 956 3106 ήξίου
972 3014 1051 3098 6069

73 3116 206 3189 ἑαυτὸν
232 3111 524 3204 εὐεργετήσαντος.
565 3122 720 3288 συμφορά
747 3115 809 3209 γάρ
831 3122 893 3189 606
914 3117 1050 3188 πάππον

71 3219 300 3343 χρησαμένου
326 3218 382 3284 καὶ
408 3220 593 3306 ληφθέντος
620 3227 666 3300 εἰς
691 3215 768 3298 τούς
794 3225 971 3335 πολεμίους
994 3221 1050 3288 καὶ

71 3319 236 3410 χρήματα
265 3322 468 3404 εἰσενεγκεῖν
491 3325 536 3398 εἰς
559 3319 679 3441 λήτρα
685 3313 781 3389 καὶ
765 3321 946 3410 ομηρεῦσαι
963 3313 1049 3408 άπὲρ

71 3417 186 3491 αὐτου
173 3414 437 3507 ηθέλησενἎ
418 3445 478 3498 εως
496 3408 539 3487 06
557 3415 771 3509 εὐπορήσειεν
790 3415 967 3498 ἐκεῖνος’
930 3415 1050 3508 ταργά-
