2502 3930
109 242 136 293 p.
155 223 196 276 ιο.
270 223 362 275 ΠΕΡΙ
378 221 454 274 σου
470 221 733 274 αεεοετεετοτ
750 183 929 274 ιεειιεοτ.4
1033 229 1071 291 51
1094 213 1096 224 ⁴
1131 230 1133 239 =

111 402 159 466 ἔτι
175 391 344 516 πρότερον.
386 389 472 474 εἰκός
494 382 556 463 ουν
573 420 627 481 μοι
645 391 787 463 δοκεῖ
756 421 859 482 ειναι,
884 387 929 475 άς
945 387 987 464 άν
1004 351 1073 477 οἷός

109 523 146 565 τε
163 484 205 584 6,
224 507 398 564 συνειπεῖν
415 489 537 574 αυτοῖς

184 597 270 716 Περὶ
294 583 420 684 μὲν
378 621 440 663 ουν
464 597 531 664 τῶν
555 597 591 663 ἐν
612 596 655 682 τῇ
677 588 839 717 υπεροριχ
856 597 1073 716 πραχθέντων
1100 619 1107 642 ¹

109 691 187 765 ούτε
204 692 371 786 μάρτυρας
384 697 530 783 ἐξευρεῖν
539 690 611 764 οἷόν
621 720 674 781 τε,
692 690 770 764 ούτε
781 691 859 775 τούς
871 689 1071 816 ἀντιδίκους,

111 795 169 866 ἐάν
191 824 223 866 τι
244 794 451 884 ψεύδωνται,
477 796 621 883 ἐλέγχειυ
643 791 777 885 βράδιον,
803 792 857 864 διδ
879 792 926 865 τδ·
938 800 1073 884 μηδέτε-

111 924 171 985 ρον
192 894 319 966 τούτων
341 899 446 965 ἐκεῖσε
463 891 621 984 άφῖχθαι·
644 891 685 964 τά
708 894 745 964 δέ
769 893 1074 987 ἐνθάδεσυμβεβιχ-

75 987 76 992 ¹
110 994 191 1066 κάτα
210 1002 302 1066 δοκεῖ
315 1025 370 1086 μοι
387 990 473 1118 ύμῖν
487 992 585 1066 ἱκανά
601 998 761 1082 γενέσθαι
778 989 821 1066 άν
837 994 1005 1086 τεκμήρια,
1022 994 1073 1067 ὅτι

110 1093 254 1177 ἅπαντες
278 1101 312 1168 οἱ
333 1093 415 1166 κατά
437 1093 498 1183 τὴν
508 1094 619 1166 δόσιν
643 1096 711 1165 τοῖν
727 1093 994 1185 Νικοστράτου’
974 1125 1073 1188 αμφι-

110 1199 309 1284 σβητούντες
328 1191 565 1292 ἐξαπατῆσαι’
543 1198 630 1285 υμᾶς
648 1194 832 1284 βούλονται.
859 1199 1001 1286 Προῖτον
1012 1199 1108 1286 μένε

109 1286 190 1385 ούν,
222 1325 248 1365 υ
237 1287 403 1388 ἄνδρες,
427 1300 502 1386 περὶ
525 1298 583 1385 τῆς
605 1298 673 1367 ταῖν
695 1292 866 1386 ὀνομάτων
891 1300 1073 1388 ἐπιγραφῆς

110 1394 237 1480 άξιόνέ
236 1419 309 1468 στιν
327 1395 488 1484 ἐξετάσαι,
506 1426 561 1467 και
550 1393 799 1480 σκέψασθαι
783 1396 934 1488 οπότεροι
951 1393 1073 1468 άπλού

110 1518 227 1588 στερον
244 1501 299 1567 καὶ
316 1495 399 1568 κατά
401 1496 519 1587 φύσιν
531 1501 655 1586 μάλλον
671 1494 728 1579 τάς
745 1497 852 1586 λήξεις
870 1496 1072 1586 ἐποιήσαντο.

101 1593 233 1684 ’Ἅγνων
255 1599 316 1687 μὲν
338 1595 401 1687 γάρ
430 1592 542 1668 ουτοσὶ
570 1601 625 1668 καὶ
648 1593 823 1685 Ἀγνόθεος
853 1597 1088 1688 Θρασυμάχου

111 1695 336 1788 ἐπεγράψαντο
363 1695 421 1767 τόν
444 1696 687 1788 Νικόστρατον,
717 1701 772 1768 καὶ
797 1696 934 1779 ἑαυτούς
959 1703 1074 1794 ἐκείνῳ

109 1794 266 1882 άνεψιους
293 1794 531 1887 ἀποφαίνουσι,
560 1797 764 1869 καὶτούτων
786 1797 953 1889 μάρτυρας
976 1803 1074 1890 παρέ-

109 1918 235 1987 χονται·
259 1896 428 1988 Χαριάδης
447 1900 484 1969 δὲ
506 1901 562 1968 καὶ
579 1903 613 1968 οί
627 1903 861 1981 συνδικούντες
885 1895 975 1992 αύτῷ
991 1909 1074 1990 Σμί-
1091 1925 1108 1978 3

109 2025 193 2087 κρου
215 1999 277 2087 μὲν
299 1996 421 2089 πατρὸς
445 1998 534 2069 εἷναί
554 2020 637 2089 φασι
665 1996 723 2080 τόν
752 1999 989 2090 Νικόστρατον,
1014 1997 1072 2091 άμ-

108 2102 309 2187 φισβητούσι
338 2101 376 2170 δέ
402 2103 463 2169 τού
490 2097 711 2190 Θρασυμάχου
740 2104 820 2170 υλού
842 2099 974 2223 κλήρου.
1017 2103 1072 2171 καὶ

109 2200 239 2269 οιδε
203 2229 265 2288 μεν
288 2195 393 2271 ούδέν
407 2203 664 2292 προσποιοῦνται
688 2203 816 2272 ἐκείνου
838 2203 899 2270 τού
914 2195 1073 2290 ὀνόματος

108 2295 188 2418 ούτε
213 2298 412 2388 γιγνώσκειν
439 2298 517 2371 ούτε
539 2299 718 2393 προσήκειν
740 2297 867 2382 αυτοῖς·
898 2305 981 2390 φασὶ
1012 2303 1073 2392 μὲν

108 2387 173 2469 ουν
191 2397 277 2471 εἶναι
294 2399 514 2492 Θρασυμάχου
531 2399 773 2492 Νικόστρατον,
791 2400 912 2472 τούτου
931 2402 968 2471 δδ
984 2398 1073 2492 ὁμοί-

109 2527 155 2579 ως
177 2502 235 2623 669
262 2498 379 2583 ούσίας
401 2498 654 2625 άμφισβητρύσι
694 2505 789 2572 καὶε
774 2499 943 2590 εἰμὲν
909 2529 946 2572 το
969 2499 1107 2592 ονομα4

107 2599 278 2691 πατρόθεν
304 2599 340 2673 τό
370 2599 450 2672 αύτὸ
474 2596 666 2691 άμολόγουυ
695 2602 780 2672 εἶναι
807 2604 868 2671 που
888 2601 1072 2693 Νικοστρά-

107 2716 180 2790 του,Ι
203 2705 279 2794 περὶ
303 2704 341 2772 δὲ
362 2706 424 2773 τού
450 2700 574 2792 κλήρου
602 2700 706 2792 μόνου
736 2704 946 2793 διεφέροντο,
971 2699 1072 2774 οὐδὲν

106 2797 152 2872 άν
175 2805 243 2872 ἔδει
267 2798 351 2892 υμάς
374 2806 562 2886 σκέψασθαι
585 2799 659 2872 ἄλλ’
686 2813 769 2895 εἴτι
796 2805 925 2873 διέθετο
948 2806 1073 2885 ἐκεῖνος

106 2898 373 2994 ὁΝικόστρατος,
390 2901 431 2974 δν
448 2899 627 2994 ἀμφότεροι
639 2898 845 2992 ὡμολόγουν·
863 2906 928 2974 νυν
947 2904 986 2973 δὲ
1003 2907 1072 2985 πῶς

107 2997 181 3073 οἶόν
202 3031 239 3073 τε
260 3007 308 3097 τῷ
329 3000 427 3096 άνδρὶ
447 3002 508 3074 δύο
526 3006 668 3095 πατέρας
687 3003 951 3094 ἐπιγράψασθαι;
973 3007 1072 3075 τούτο

106 3099 171 3194 γάρ
201 3102 370 3195 Χαριάδης
397 3112 591 3194 πεποίηκεν·
623 3100 722 3185 αύτός
752 3134 787 3175 τε
808 3100 871 3222 γάρ
896 3111 991 3192 ἔλαχε
1013 3105 1074 3175 τού

105 3211 260 3295 Σμίκρον
282 3203 528 3296 Νικοστράτου,
556 3204 684 3286 τούτοις
708 3206 750 3274 δὲ
768 3207 828 3276 του
851 3201 1072 3294 Θρασυμάχου

40 3343 45 3354 -
106 3309 245 3394 λαχοῦσι
262 3302 572 3396 παρακατέβαλεν
549 3334 593 3388 ως
610 3304 669 3376 τόν
687 3301 789 3376 αυτόν
805 3302 894 3375 ὄντα.
926 3310 995 3375 ἔστι
1011 3305 1107 3393 μένο
1147 3321 1166 3386 ’,

104 3395 170 3476 ούν
188 3403 317 3477 ἅπαντα
334 3409 437 3476 ταυτα
455 3405 590 3498 ἐπυρεια
606 3408 662 3476 καὶ
679 3403 880 3497 παρασκευῇ
915 3399 1075 3494 ἡγούυται

16 3561 17 3564 ¹
105 3505 170 3596 γάρ
187 3505 341 3598 τούτους,
360 3502 469 3579 άπλού
485 3504 574 3597 μὲν
556 3536 649 3590 ουτος
660 3510 721 3578 τού
738 3504 925 3597 πράγματος
942 3508 997 3575 καὶ
1014 3532 1074 3595 μη-

871 3619 975 3688 4*-
