2502 3930
177 154 217 218 ης
585 148 714 200 mmor
1031 147 1081 199 οε.
1097 150 1121 201 2.

114 339 117 345 ’
179 324 324 405 ἐκείνου,
352 325 408 389 ἵνα
429 317 475 408 μῆ
498 315 670 406 ἆνύνυμος
698 314 821 398 ὁοῖκος
855 313 958 387 ούτού
983 320 1123 408 γένηται,

178 421 233 489 καὶ
255 417 493 507 τελευτήσαντα
517 425 627 500 ἔθαψα
643 415 741 500 ἀξίως
760 422 888 488 ἐκείνου
905 445 940 487 τε
958 421 1012 487 καλ
1032 422 1124 508 ἐμαυ-

177 523 238 590 τού
243 571 253 607 ,
277 521 333 588 καὶ
352 522 497 607 ἐπίθημα
513 515 613 588 καλόν
632 521 792 606 ἐπέθηκα,
818 520 872 587 καὶ
890 516 930 588 τόι
953 524 1051 589 ἔνατα
1074 522 1124 590 καὶ

176 611 278 689 τᾶλλα
300 616 406 690 πάντα
424 623 558 707 ἐποίησα
575 615 615 688 τὰ
632 621 707 709 περὶ
732 617 793 708 τῆν
810 615 919 706 ταφὴν
936 613 980 698 ὦς
1003 614 1125 690 οἷόντε

127 731 159 782 37
177 718 349 808 κάλλιστα,
368 716 451 790 ὥστε
467 716 544 800 τούς
556 807 559 812 ¹
570 717 709 808 δημότας
729 722 877 789 ἐπαινεῖν
891 713 1053 798 ἅπαντας
1072 709 1125 788 ού-

177 848 231 900 τος
250 820 287 890 66
303 815 321 889 6
338 818 516 907 συγγενής,
539 814 558 888 6
577 822 731 907 ἐπιτιμῶν
755 814 845 911 αύτξό
862 815 911 889 ὅτι
928 815 1005 890 υἱόν
1023 818 1129 941 ἐπομῆ·

178 941 272 1005 οατο,
303 924 420 1003 ζῶντος
448 916 572 1008 μὲν
537 947 573 988 το
601 927 721 1008 χωρίον
742 948 778 988 το
768 915 1082 1009 περιλειφθέν’
1041 923 1129 1011 αυτῷ

178 1028 372 1110 περιείλετο,
395 1018 634 1107 τελευτησαντα
652 1015 685 1088 δ
704 1015 806 1090 αύτόν
822 1015 948 1089 ἄπαιδα
965 1016 1066 1089 καὶ’
1046 1018 1129 1090 ανοὶ·

178 1148 285 1208 νυμον
302 1119 455 1206 βούλεται
478 1123 705 1241 καταστῆσαι
732 1117 880 1200 τοιούτός
908 1123 1015 1189 ἐστιν
1025 1108 1127 1200 ούτος.

178 1214 297 1290 Καὶ
274 1248 318 1299 ως
348 1218 458 1303 ἔθαψα
483 1249 502 1289 τ
507 1216 603 1307 ’ἐμοὶ
627 1216 729 1290 αύτόν
758 1217 873 1290 καὶ
836 1248 876 1341 τμ
898 1227 992 1309 τρίτα
1015 1218 1126 1290 καὶ
1091 1249 1130 1290 τα

179 1325 277 1390 ἔνατα
295 1323 431 1408 ἐποίησα
453 1322 507 1392 καὶ
531 1310 633 1390 τᾶλλα
654 1349 693 1390 τα
682 1317 790 1410 περὶ
824 1317 884 1408 τῆν
915 1316 1041 1408 ταφήν,
1075 1318 1131 1400 τοὶς

177 1428 357 1510 μαρτυρίας
375 1416 456 1510 ύμῖν
472 1425 539 1490 τῶν
558 1418 694 1490 εἰδότων
711 1417 947 1508 αναγνοόσεται.

549 1585 760 1636 ΜΑΡΤΤΡΙΑΙ.

128 1736 161 1788 38
244 1719 314 1794 Ὅτι
331 1731 446 1794 τοίνυν
462 1718 480 1792 6
498 1729 683 1812 Μενεκλῆς,
703 1714 731 1794 ω’
746 1721 882 1847 ἄνδρες,
901 1721 1075 1811 ἐποιήσατό
1092 1750 1133 1812 με

179 1818 220 1892 ού
248 1827 424 1913 παρανοῶν
451 1820 532 1893 0666
562 1827 695 1913 γυναικὶ
724 1823 937 1912 πειθόμενος,
973 1821 1135 1912 βούλομαι

178 1918 260 2013 ὑμῖν
278 1919 391 1993 καὶ’
350 1920 469 2003 αυτούς
486 1923 622 2005 τούτους
639 1923 805 2016 μάρτυρας
821 1926 1060 2014 παρασχέσθαι,
1078 1926 1135 1993 καὶ

180 2026 250 2113 ἐμοὶ
288 2024 535 2114 μαρτυροῦντας
576 2031 660 2118 ἐργμ
700 2027 755 2094 καλ
789 2021 830 2094 ού
865 2022 968 2117 λόγῳ,
1011 2027 1042 2107 ἐξ
1086 2052 1136 2092 ων

124 2141 134 2156 “
180 2127 322 2213 ἔπραξαν
340 2119 451 2212 αύτοί,
473 2120 524 2194 ότι
549 2122 611 2248 ἐμοὶ
628 2121 758 2213 τάληθῆ
779 2127 871 2212 λέγω.
907 2121 965 2204 τὰς
965 2123 1046 2248 γὰρ
1064 2129 1136 2193 δια-

178 2221 288 2304 λύσεις
316 2231 490 2312 φαίνονται
517 2222 597 2347 πρὸς
633 2224 687 2314 ἐμὲ
715 2223 928 2314 ποιησόμενοι
955 2220 1136 2346 ἀμφότεροι

178 2313 286 2412 ούτοι,
305 2320 415 2392 καλ’
376 2352 417 2393 ου
434 2322 515 2415 πρὸς
527 2322 584 2395 τὸν
601 2328 791 2414 Μενεκλέα,
811 2322 900 2394 καὶ’
882 2323 1062 2415 ομόσαντες
1079 2321 1137 2444 ὅρ-

37 2477 47 2492 .
128 2441 161 2492 39
178 2451 256 2503 κους
270 2377 339 2513 ἐμοὶ
352 2427 407 2494 καὶ
426 2422 489 2511 ἐμοὶ
500 2423 635 2506 τούτοις
671 2433 776 2496 καίτοι
794 2435 828 2494 εἴ
840 2452 878 2514 γε
895 2422 939 2514 μῆ
957 2423 1039 2494 κατα
1055 2421 1138 2503 τούς

179 2522 300 2614 νόμους
328 2520 544 2613 ἐγεγένητο
525 2553 545 2612 η
574 2534 717 2619 ποίησις,
751 2526 836 2615 μηδὲ
862 2523 1062 2614 κληρονόμος
1093 2514 1140 2611 ῆν

181 2621 243 2712 ἐμοὶ
260 2628 327 2694 τοῖν
349 2627 559 2704 Μενεκλέους
581 2620 642 2694 ὑπ’
668 2620 779 2696 αύτοῆν
795 2623 922 2696 τούτων
941 2630 1139 2714 δεδοκιμασ-

179 2726 291 2812 μένος,
309 2754 342 2795 τι
337 2731 427 2796 ’ἔδει
446 2721 720 2814 αύτούςόμνύναι
733 2719 840 2814 ἐμοὶ”
820 2754 840 2813 η
859 2751 925 2845 παρ
929 2720 1038 2813 ’ἐμού
1054 2733 1139 2812 λαμ-

82 2909 93 2926 ·
180 2821 331 2910 βύνειν”
313 2852 447 2926 ορκονς;
464 2821 579 2894 ούδέ”
562 2854 600 2895 εν
619 2824 735 2914 δῆπου.
769 2823 893 2895 ούκούν
910 2819 1009 2894 ὁπότε
1026 2827 1139 2911 ἐποίη·

179 2944 242 2995 σαν
259 2928 380 3012 ταύτα,
399 2933 574 3014 φαίνονται
586 2916 735 2996 αὐτοὶ
693 2954 783 2996 ουτοι
802 2928 872 3015 ἐμοὶ
889 2927 1140 3014 μαρτυροῦντες

178 3021 227 3094 ότι
245 3022 328 3095 κατὰ
343 3022 420 3106 τούς
437 3024 558 3114 νόμους
583 3022 758 3115 ἐποιήθη
739 3055 760 3114 η
778 3035 907 3115 ποίησις
925 3025 980 3094 καὶ
999 3030 1140 3103 δικαίως

129 3149 162 3200 40
180 3127 246 3213 εἰμὶ
264 3123 463 3215 κληρονόμος
487 3153 555 3196 των
577 3129 795 3208 Μενεκλέους.
833 3120 949 3215 660⁹
968 3123 1059 3213 οἶμαι
1078 3153 1140 3211 κα·

179 3224 323 3313 ταφανὲς
345 3220 426 3314 ὑμῖν
449 3223 550 3296 ἅπασι
573 3221 663 3296 τοῦτ’
689 3225 790 3315 εἶναι,
815 3222 858 3307 ὥς
880 3228 936 3295 καὶ
954 3221 1043 3315 παρὰ
1060 3223 1141 3296 ταύ-

178 3352 247 3394 τοιν
275 3319 386 3395 αύτοῐν
414 3322 677 3414 ὁμολογούμενόν
707 3329 795 3397 ἐστιν
821 3322 871 3396 ὅτι
894 3328 1071 3413 Μενεκλῆς
1095 3321 1141 3394 06

179 3423 396 3514 παρεφρόνει,
426 3423 509 3496 ἀλλὰ
537 3424 622 3496 πολύ
649 3429 774 3515 μᾶλλον
800 3416 894 3506 οὗτος
918 3434 1013 3514 νυνί,
1037 3422 1074 3506 ὅς
1097 3451 1143 3514 γε
