2490 3914
88 172 113 222 p.
132 155 174 208 55.
238 157 329 208 ΠΕΡΙ
346 154 422 206 ΤΟΤ
440 154 716 235 ΔΙΚΑΙῼΓΕΝΟΤΣ
738 157 903 212 ΚΛΗΡΟΤ.
1007 161 1047 228 69

89 323 192 408 αύτοῦ
207 333 470 416 κατεψηφίσατο;
494 356 515 416 η
532 323 614 418 υμῖν
631 330 701 410 669
727 326 874 452 καλόγ’
855 333 1047 417 απογνιῐναι

87 425 284 519 Λεωχάρους
302 424 323 496 6
339 455 379 516 γε
395 424 473 498 066'
492 433 527 498 οί
540 426 764 520 προσήκοντες
774 426 881 500 αύτού
896 427 1046 519 ἀπέγνω-

88 549 166 614 σαν;
194 517 369 618 δέομαι
326 557 390 598 ουν
406 524 503 652 ήμῶν
520 536 818 618 καταψηφίσασθαι
835 530 1094 623 Λεωχάρους,

87 624 134 698 ἵν’
161 625 183 698 6
207 625 287 719 ήμῖν
312 633 348 698 οί
358 627 519 753 πρόγονοι
542 632 717 702 κατέλιπον
734 629 963 722 κομισαίμεθα,
991 637 1048 704 καλ
1162 635 1164 644 ’

86 727 131 818 μή
156 728 259 820 μόνον
284 727 325 802 τὰ
350 727 495 820 ὀνόματα
521 729 632 802 αὐτῶν
667 739 792 822 ἔχωμεν
818 729 980 803 ἀλλὰκαὶ
1007 733 1047 804 τοὶ

87 829 241 922 χρήματα.
286 835 368 916 666
381 833 418 902 δὲ
435 830 633 955 Λεωχάρους
660 838 759 903 ίδίων
782 829 847 957 ρύκ
865 837 1046 925 ἐπιθυμού-

87 959 156 1021 μεν.
201 911 423 1021 Δικαιογένην
448 931 529 1055 760,
549 961 575 1002 6
563 923 731 1024 ἅνδρες,
758 931 818 1004 ούτ
821 931 955 1060 ’έλεεῖγ
974 939 1045 1006 ἐστε
1063 943 1097 998 35

89 1029 252 1102 δίκαιοι’
228 1062 272 1155 69
296 1037 403 1113 κακῶς
420 1031 605 1124 πράττοντα
621 1037 677 1104 καί
694 1033 894 1125 πενόμενον,
912 1033 984 1107 066’
1005 1029 1045 1106 εὖ

87 1150 195 1204 ποιεῖν
221 1129 265 1214 69
291 1129 420 1256 ἀγαθόν
445 1164 476 1204 τι
503 1134 771 1259 εἰργασμένον
734 1164 796 1224 την
813 1135 926 1207 πόλιν·
949 1133 1044 1208 0666-

86 1262 164 1324 τερα
188 1232 252 1326 γὰρ
278 1231 369 1328 αύτῷ
393 1233 520 1306 τούτων
542 1230 699 1326 ύπύρχει,
727 1232 771 1316 69
790 1233 889 1324 ἔχω’
862 1242 1043 1361 αποφανοξ,

89 1363 114 1404 ω
103 1325 310 1427 ύνδρες.”
288 1365 355 1425 αμα
374 1337 412 1405 δὲ
428 1339 484 1405 καὶ
495 1333 655 1406 πλούσιον
673 1339 728 1406 καὶ
745 1335 969 1428 πονηρότατον
986 1336 1044 1408 αύ-

87 1433 145 1506 τόν
170 1433 250 1507 ὅντα
266 1433 457 1560 ύνθροβπων
480 1432 643 1520 ἀποδείξω
660 1440 764 1507 καὶί
733 1445 764 1507 εί
764 1467 780 1518 ς
797 1435 859 1526 τήν
876 1435 973 1509 πόλιν
990 1441 1046 1510 καὶ

89 1543 136 1617 είς
162 1535 242 1618 τούς
268 1535 494 1626 προσήκοντας
519 1541 633 1607 ααλί
602 1545 649 1618 είς
674 1535 752 1619 τούς
778 1545 905 1627 φίλους.
950 1529 1046 1621 οὗτος

87 1635 151 1727 γὰρ
177 1635 378 1729 παραλαβών
404 1635 462 1707 τόν
479 1641 601 1727 κλήρον
623 1635 702 1725 παρ’
721 1632 816 1728 ύμων
833 1643 977 1731 φέροντα
993 1646 1045 1729 μί-

89 1749 218 1808 σθωσιν
243 1741 304 1810 τού
331 1740 486 1808 ένιαυτού
511 1734 714 1826 ὀγδοήκοντα
739 1741 839 1828 μνᾶς,
872 1738 1045 1830 καρπωσά-

87 1866 186 1928 μενος
212 1836 315 1909 αύτδν
342 1841 422 1908 δέκα
448 1845 504 1926 ἔτη
522 1836 603 1908 ούτε
624 1835 786 1929 ἀργύριον
811 1835 970 1930 ὦμολόγει
992 1867 1046 1910 κε·

87 1942 231 2026 κατῆσθαι
248 1936 325 2010 ούτε
341 1936 417 2009 ὅποι
434 1934 606 2025 ἀνήλωσεν
620 1945 686 2027 ἔχοι
705 1934 747 2009 66
760 1943 929 2030 ἐπιδείξω,
948 1930 1045 2009 666·

88 2046 175 2131 δρες.
220 2037 312 2122 ύξιον
339 2040 375 2108 δὲ
400 2041 455 2108 καὶ
472 2035 553 2128 ύμῖν
570 2046 775 2126 λογίσασθαι.
811 2030 906 2121 ούτος
923 2038 986 2131 γὰρ
1003 2043 1045 2130 τη
1061 2059 1095 2113 36

86 2141 149 2230 μὲν
166 2142 259 2230 φυλή
282 2147 329 2220 είς
346 2137 512 2212 Διονύσια
536 2137 720 2230 χορηγήσας
741 2144 892 2232 τέταρτος
916 2140 1044 2228 ἐγένετο
1091 2177 1095 2184 -

85 2247 286 2335 τραγῳδοῖς,
310 2243 365 2310 καὶ
382 2255 609 2331 πυρριχισταῖς
624 2237 777 2322 ύστατος·
795 2239 915 2322 ταύτας
934 2242 970 2311 δὲ
986 2240 1044 2331 μό-

86 2371 147 2423 νας
173 2337 401 2430 ύναγκασθελς’
420 2347 625 2431 λειτουργίας
649 2344 877 2433 λειτουργῆσαι
902 2337 966 2413 ύπό
991 2370 1043 2412 το·

86 2440 210 2530 σαύτης
227 2439 394 2534 προσόδου
412 2437 499 2512 οὕτω
516 2444 623 2523 καλῶς
641 2439 848 2533 ἐχορήγησεν.
879 2438 961 2511 6666
978 2440 1043 2530 μήν

85 2542 294 2635 τριηράρχων
326 2540 494 2614 τοσούτων
527 2546 805 2613 κατασταθέντων
834 2539 908 2612 οὔτ’
944 2538 1043 2624 αύτός

87 2642 342 2768 έτριηρύρχησεγ
358 2639 437 2715 οὔθ’
466 2645 567 2736 ἑτέρω
583 2646 812 2732 συμβέβληκεν
831 2646 867 2713 έν
883 2641 1043 2724 τοιούτοις

85 2760 231 2868 καιροῖς,
258 2741 331 2814 666'
360 2773 465 2836 ετεροι
490 2745 552 2834 μὲν
577 2739 656 2813 ούσί
654 2772 696 2814 αν
712 2745 905 2832 κεκτημένοι
923 2741 1043 2813 ἐλάττω

86 2842 107 2935 6
125 2835 223 2926 οὗτος
240 2853 406 2970 μίσθωσιν
423 2843 583 2970 λαμβάνει
599 2847 856 2968 τριηραρχούσι.
876 2851 998 2932 καίτοι,
1017 2833 1044 2912 6
1060 2859 1094 2914 37

86 2945 228 3038 ἄνδρες,
239 2943 306 3070 ούχ
323 2942 341 3015 6
358 2943 464 3037 πατήρ
482 2943 573 3038 αύτῷ
588 2941 650 3032 τήν
666 2942 792 3034 πολλήν
816 2941 935 3016 ούσίαν
951 2949 1043 3014 κατέ-

86 3059 202 3138 λιπεν,
229 3043 301 3116 ἀλλ’
329 3042 424 3136 ὑμεῖς
450 3053 542 3118 ἔδοτε
566 3050 609 3136 τῇ
634 3044 751 3140 φήφφ·
778 3043 910 3119 ύστεεί
897 3049 981 3116 ίκαὶ
998 3042 1044 3166 μή

86 3155 223 3236 πολίτης
248 3138 307 3236 ἦν,
336 3146 391 3216 διύ
415 3175 454 3235 γε
479 3152 575 3218 τοῦτο
603 3137 775 3228 δίκαιος
752 3177 796 3236 ην
811 3145 872 3236 τήν
889 3145 987 3216 πόλιν
1005 3135 1044 3215 εύ

86 3267 205 3335 ποιεῖν.
260 3248 425 3339 είσφορων
465 3257 581 3320 τοίνυν
614 3247 781 3320 τοσούτων
814 3249 1044 3336 γεγενημένων

84 3355 167 3420 πᾶσι
184 3367 253 3430 τοῖς
270 3356 418 3430 πολίταις
435 3348 533 3430 είς
499 3377 558 3420 τον
575 3348 717 3440 πόλεμον
729 3353 784 3420 καὶ
802 3346 862 3436 τήν
880 3355 1045 3437 σωτηρίαν

82 3455 145 3544 τῆς
171 3449 297 3534 πόλεως
323 3454 541 3538 Δικαιογένης
566 3447 628 3520 ούκ
655 3457 744 3521 ἔστιν
775 3446 892 3538 ήντινα
919 3444 1045 3537 εἰσενή-
