2502 3930
122 219 125 228 .
201 140 245 245 '22
512 209 516 225 .
617 179 744 229 IzAlo'r
1062 183 1111 230 οι.
1127 185 1151 232 κ

207 353 265 437 έβη
288 346 371 418 ὥστε
389 353 425 420 ἐκ
441 354 498 438 τῆς
515 345 661 438 άδελφης
678 352 735 436 τῆς
759 345 915 437 ἡμετέρας
930 356 1051 430 παῖδας
1068 347 1154 443 αύτῷ

205 477 259 537 μη
239 447 440 538 γενέσθαι,
466 455 502 520 ἐκ
518 448 638 537 ταύτης
655 453 712 536 τῆς
729 455 833 529 οἰκίας
856 445 932 518 νίόν
954 445 1045 541 αύτῷ
1065 450 1152 538 ποιίγ

206 561 345 637 σασθαι,
370 547 451 620 ὅθεν
468 554 524 620 καὶ
546 549 647 672 φύσει
670 556 789 630 παῖδας
803 545 1023 642 ἐβουληθη“
1003 579 1045 620 αν
1067 548 1154 643 αύτῷ

205 653 375 736 γενέσθαι·
417 645 535 737 „5555
552 640 639 720 ούν”
671 657 734 738 ἔφη
757 648 941 739 ,,βούλομαι
964 647 1022 720 τόν
1046 653 1154 740 ἕτερον

98 753 117 801 δ
157 775 188 824 12
206 749 422 837 ποιήσασθαι,
439 745 583 868 όποτίρφ
601 745 698 838 ὑμῶν
713 754 819 830 καλῶς
837 745 936 839 ἒχει”
955 747 1046 820 καλό
1062 747 1152 820 άδελ-

206 847 266 937 φός
284 847 426 930 άκούσας
443 854 557 938 ταῦτα,
577 848 690 938 ἐπειδὴ
708 859 924 939 προετίμησεν
940 848 1061 931 αύτούς
1078 851 1155 920 πάν-

205 979 288 1037 των,
303 949 449 1038 -ἕπῄνεσί
462 977 497 1019 τε
508 949 585 1030 τούς
596 949 714 1037 λόγους
732 947 851 1038 αύτού,
870 954 925 1020 καὶ
940 950 1034 1020 εἶπεν
1043 949 1092 1020 ότι
1106 954 1156 1020 δί-

206 1078 274 1119 οιτο
297 1079 317 1136 η
340 1078 375 1119 τε
398 1046 508 1138 ηλικία
525 1045 615 1119 καὶ
597 1078 617 1138 η
634 1055 786 1141 παρούσα
810 1054 926 1141 ἔρημία
949 1055 1076 1121 ἐκείνου
1100 1055 1158 1120 τού

205 1149 470 1267 θεραπεύσοντος
487 1147 590 1220 αὐτόν
602 1153 658 1219 καὶ
677 1149 948 1240 ἐπιδημήσαντος
985 1155 1081 1241 ,,ἑμοὶ
1098 1153 1158 1241 μὲν

206 1239 289 1318 ούν”
308 1257 372 1338 ἔφη
390 1257 540 1373 ,,σνμβαί
538 1279 588 1320 νει
605 1247 839 1369 άποδημία,’
815 1280 859 1331 ως
881 1249 923 1320 σύ
940 1251 1054 1321 οἶσθα
1079 1247 1096 1321 5
1122 1253 1159 1320 δὲ

206 1346 348 1438 άδελφός
371 1346 500 1420 ούτοσί’
502 1347 585 1440 ’ἐμὲ
602 1354 708 1438 λε’γων
725 1355 815 1439 „va
832 1377 867 1420 τε
885 1355 954 1422 σοῖν
972 1349 1158 1441 ἐπιμελησε-

174 1441 257 1520 ’ται
281 1453 335 1518 καὶ
357 1455 424 1521 τάν
448 1449 604 1539 ἐμῶν’
572 1479 629 1520 εαν
652 1451 757 1540 δούλη
779 1455 896 1522 τούτον
923 1449 1157 1540 ποιήσασθαι.”

206 1552 260 1619 καὶ
277 1546 296 1620 5
313 1555 488 1638 Μενεκλῆς
505 1553 612 1636 καλῶς
630 1559 693 1640 ἔφη
711 1548 813 1621 αὐτόν
830 1554 954 1639 λέγειν,
972 1555 1028 1621 καὶ
1046 1555 1082 1621 ἐκ
1098 1557 1161 1621 τού

205 1649 329 1739 τρόπον
346 1650 464 1720 τούτου
482 1659 627 1720 ποιεῖταί
641 1679 689 1740 με.

157 1770 188 1820 13
277 1746 331 1831 Ὡς·
359 1742 422 1821 οὖν
450 1749 531 1820 κατά
559 1749 635 1831 τούς
663 1751 783 1839 νόμους
813 1753 941 1838 ἐγένετο
968 1748 989 1839 ἡ
1018 1760 1159 1840 ποίησις,

206 1853 303 1920 τούτο
331 1846 417 1940 ύμάς
445 1850 604 1939 βούλομαι
629 1849 765 1934 διδάξαι.
813 1859 871 1938 καί
884 1880 949 1940 μοι
976 1849 1035 1922 τόν
1057 1851 1162 1941 νόμον

206 1947 395 2039 άνάγνωθι,
418 1947 453 2032 ὃς
477 1951 603 2020 κελεύει
626 1949 666 2020 τά
692 1954 813 2020 ἑαυτοῦ
836 1955 955 2034 ἐξεῖναι
980 1955 1161 2022 διαθέσθαι

206 2047 296 2130 ὅπως
314 2045 356 2120 άν
376 2055 492 2140 ἐθίλη,
519 2049 576 2122 ἐάν
589 2080 637 2140 μη
627 2048 809 2134 παῖδες”
788 2079 924 2140 αρρενες
941 2042 1001 2120 ὦσι
1020 2050 1160 2139 γνήσιοι.

206 2178 224 2218 ο
246 2179 309 2240 γαρ
332 2155 529 2239 νομοθέτης,
560 2179 586 2220 ω
574 2143 739 2242 άνδρες,
772 2149 826 2220 διά
853 2155 950 2221 τούτο
977 2150 1034 2221 τόν
1057 2150 1162 2240 νόμον

207 2257 328 2366 ἔθηκεν
344 2247 465 2337 ούτως,
484 2247 573 2341 ὁρῶν
590 2250 695 2339 μόνην
712 2250 837 2339 ταύτην
849 2249 1044 2340 καταφυγὴν
1055 2241 1164 2322 οὖσαν

205 2379 262 2436 της
281 2354 413 2439 ἐρημίας
432 2355 485 2420 καὶ
504 2349 702 2440 παραννχην
719 2379 778 2421 τον
766 2355 866 2438 βίον
883 2368 951 2431 τοίς
967 2349 1082 2420 άπαισι
1095 2356 1164 2421 τοῖν

206 2446 412 2540 ἀνθρώπων,
436 2480 472 2519 το
461 2449 611 2533 ἐξεῖναι
634 2450 837 2538 ποιήσασθαι
858 2449 898 2522 όν
920 2481 994 2520 τινα
1015 2447 1057 2521 άν
1082 2451 1164 2539 βού-

157 2562 188 2611 14
206 2560 335 2620 λωνται.
385 2549 548 2621 διδόντων
570 2541 633 2620 ούν
655 2555 722 2620 τιόν
743 2549 856 2640 νόμων
880 2548 971 2643 αύτῷ
992 2565 1165 2622 ποιείσθαι

209 2648 262 2719 διά
279 2649 315 2719 τό
334 2650 418 2720 εἶναι
435 2648 574 2738 ἄπαιδα,
595 2652 650 2739 ἐμὲ
666 2667 821 2739 ποιεῖται,
840 2648 901 2722 ούκ
919 2655 955 2720 ἐν
972 2650 1164 2740 διαθήκαις,

207 2740 236 2818 5
264 2747 400 2840 ἄνδρες,
428 2751 573 2839 γράψας,
608 2747 1008 2840 μέλλωνάποθνήσκειν,
1050 2749 1166 2839 ὥσπερ

207 2847 299 2918 ἄλλοι
332 2850 418 2929 τινὲς
447 2855 516 2920 τοῖν
543 2847 749 2939 άνθριόπων,
779 2847 853 2921 οὐδ’
884 2847 1055 2922 άσθενῶν·
1085 2849 1164 2921 ἄλλ’

207 2945 386 3037 ὑγιαίνων,
410 2940 450 3020 εὖ
472 2954 623 3040 φρονῶν,
648 2939 687 3023 εὖ
708 2954 813 3038 νοῶν,
839 2949 1056 3040 ποιησάμενος
1075 2950 1166 3022 εἰσά-

206 3077 256 3136 γει
274 3077 314 3137 με
333 3057 379 3128 εἰς
395 3047 472 3130 τούς
494 3049 660 3139 φράτορας
677 3050 851 3139 παρόντων
873 3049 1016 3137 τούτων,
1040 3055 1150 3120 ααλί
1117 3058 1167 3131 είς

159 3165 189 3216 15
206 3146 283 3229 τούς
302 3147 443 3238 δημότας
454 3178 495 3238 με
513 3148 668 3239 ἐγγράφει
681 3153 736 3220 καλ
749 3157 795 3244 είς
812 3147 888 3230 τούς
899 3147 1081 3272 όργενδνας.
1106 3154 1167 3220 καί

207 3247 279 3320 τότε
296 3249 358 3338 μὲν
374 3244 474 3344 ούδδν
489 3246 716 3338 άντίλεγον’
676 3253 769 3370 αυτῷ
775 3240 865 3320 ούτοι
884 3246 927 3330 τός
939 3245 1007 3320 ούκ
1025 3241 1064 3320 εὖ
1080 3278 1168 3340 φρο-

206 3353 335 3420 νούννι
360 3358 465 3420 καίτοι
488 3347 573 3422 πολύ
596 3349 730 3420 κάλλιον
748 3340 789 3437 ἦν
807 3354 910 3434 ζωντα
927 3358 1061 3424 πείθειν
1079 3355 1168 3420 ἐκεῖ·

207 3479 283 3537 νον,
308 3460 340 3518 εἰ
353 3479 383 3519 τι
402 3449 590 3538 βούλοιντο,
614 3445 782 3538 μᾶλλον
761 3479 782 3537 η
805 3448 1044 3537 τελευτήσαντα
1066 3446 1169 3541 ὑβρί-
