2502 3930
207 169 284 216 XXII
490 153 698 206 PRAEFATIO
718 151 873 206 cumen.

207 336 283 386 terea
305 299 386 400 quod.
412 327 486 382 Adde
507 343 575 399 quos
598 325 714 382 allerunt
735 325 869 382 Weberus
899 327 931 383 ad
956 328 1163 384 Aristocrateam

208 429 235 486 p.
251 419 300 471 255
316 419 343 466 et
356 410 508 467 Voemelius
525 410 557 466 ad
571 411 642 465 llem.
658 418 731 466 cont.
746 426 774 483 p.
786 413 845 469 aab.
866 401 879 490 Η
902 406 925 487 Η
942 407 991 466 52.
1014 395 1162 488 [ἠξίωσεν]
1241 423 1242 482 3

209 495 323 552 alterum
343 511 394 568 ego
410 493 519 550 seclusi.
537 485 550 572 Η
566 485 702 571 δοθείσῃ]
718 489 807 550 Malim
824 487 995 574 ἐπιδοθελσῃ
1009 495 1072 552 coll.
1088 495 1105 568 Η
1123 503 1163 555 49.

209 571 224 658 Η
241 575 265 655 Η
284 574 333 635 53.
351 576 531 634 uberrumi
543 577 668 634 R'eislrius
690 574 804 649 (lurnlt
824 578 988 651 singularem
1003 578 1087 637 edidit
1100 578 1165 636 Bek-

207 663 299 720 lrerus.
315 654 328 742 Η
343 657 366 739 Η
384 659 434 719 54.
451 658 523 730 Πῶς
540 643 594 757 opio
609 653 854 736 τις-ἐξελέγχοι
875 679 935 719 cum
950 662 1046 719 Aldina
1067 661 1165 720 Schoe·
1241 723 1242 742 Η

207 763 331 804 rnannus.
356 746 430 802 Libri
446 741 516 814 Πῶς
533 759 587 802 ουν
605 763 650 815 τις
667 775 703 786 --
723 738 862 820 ἐξελέγχει
876 745 958 820 (Bb),
981 747 1052 802 unde
1064 747 1165 804 nelue·
1184 789 1185 796 .
1241 769 1242 802 ;

135 871 138 880 -
208 848 255 888 rus
271 829 387 888 coniecit
407 827 480 898 Πῶς
501 813 556 885 οὖν
576 849 674 898 τις-
691 821 843 905 ἐξελέγξει,
866 829 1001 902 llobraeus
1024 829 1097 898 Πῶς
1111 810 1165 886 οόν

154 945 156 953 .
207 904 247 970 άν
260 931 304 982 τις
318 941 361 954 -·
377 907 515 990 ἐξελέγχοι
530 914 630 988 (Turn.)
644 913 674 970 V.
688 931 739 970 nos
759 923 787 970 et
807 913 1050 971 llauchcnsteinius
1069 915 1100 974 ad
1115 915 1165 989 Ly·
1241 919 1242 984 j

208 1000 264 1055 siae
287 1015 325 1056 or.
346 1003 390 1058 31.
411 999 487 1070 884.
502 992 515 1078 Η
532 994 555 1075 Η
570 995 620 1054 55.
642 987 744 1071 άληθῆ
759 995 851 1054 ταῦτα
871 1016 932 1056 cum
947 998 1024 1056 Turn.
1040 999 1165 1057 cancellis

207 1081 327 1139 liberavi.
343 1075 356 1162 Η
372 1078 395 1158 Η
410 1077 459 1140 56.
476 1069 627 1158 ὁμολογεῖν
644 1099 706 1150 ποις
721 1081 923 1140 Schoemannus
940 1099 972 1139 ex
982 1081 1086 1139 Aldina.
1100 1083 1165 1140 bel·
1241 1083 1242 1110 λ

208 1167 290 1222 barus
303 1154 455 1242 ὁμολογῶν
466 1165 529 1236 πῶς
543 1159 557 1245 Η
572 1162 596 1243 Η
608 1164 657 1224 57.
676 1158 729 1240 οὐχ
742 1183 805 1224 cum
821 1166 956 1230 bobraeo,
970 1167 1165 1258 Schoemqnuo,
1241 1185 1242 1188 ¹

209 1251 287 1308 Turr.
309 1250 434 1307 cancellis
445 1250 564 1310 liberavi.
576 1250 604 1304 V.
622 1250 732 1326 Sauppii
744 1250 823 1326 epist.
835 1251 896 1308 crit.
908 1270 935 1325 p.
948 1258 983 1312 88
994 1269 1034 1325 sq.
1050 1245 1063 1329 Η
1079 1248 1102 1330 Η
1113 1248 1163 1309 60.
1241 1249 1242 1326 Η

207 1328 263 1408 μὲν
279 1322 317 1388 άν
330 1334 467 1392 liobrneus
484 1330 597 1409 (Turn).
614 1335 687 1392 Libri
702 1321 740 1390 όῖν
754 1352 806 1392 om.
821 1328 835 1414 Η
850 1326 951 1403 αὑτοῖς
967 1331 1166 1393 εὶσποιοῦνται

207 1417 344 1475 liobraeus
360 1417 469 1491 (Turn).
484 1419 557 1476 Libri
578 1403 662 1474 αότολ
684 1415 882 1476 εδσποιοῦνται
904 1415 970 1496 (Bb.)
986 1413 1000 1500 Η
1013 1421 1074 1489 τοῖς
1089 1417 1166 1490 υἱοῖς
1241 1413 1242 1438 ³

208 1492 431 1569 ἐπιδικάζεσθαι
445 1520 518 1560 nunc
533 1520 584 1577 ego
599 1505 632 1560 de
647 1521 707 1561 meo
723 1504 874 1561 emendavi:
899 1503 942 1561 Sic
958 1514 986 1561 et
1002 1515 1112 1565 sanatus
1126 1508 1166 1562 vi·

207 1588 289 1642 detur
308 1586 387 1644 locus
408 1588 622 1644 et‘eoneinnitas
650 1605 711 1645 cum
733 1589 874 1662 superiore
894 1589 1015 1646 membro
1036 1590 1166 1664 perlecta.
1241 1587 1242 1660 ἦ

207 1670 282 1727 Libri
305 1661 420 1740 τούτοις
442 1665 678 1742 ἐπιδικάζεσθαι,
706 1673 777 1746 quod
805 1688 860 1728 non
882 1674 969 1747 magis
994 1675 1060 1730 lerri
1085 1692 1167 1749 posse
1241 1671 1242 1730 ἶ

209 1771 289 1828 quam
309 1748 371 1810 olel
394 1751 606 1826 εἰσποιοῦνται,
626 1757 667 1812 uti
682 1755 853 1812 scribendum
872 1773 931 1812 esse
944 1756 1085 1832 Emporius
1103 1775 1167 1814 eon·
1241 1745 1242 1806 Η

90 1888 92 1898 ,
208 1838 309 1895 iecerat
329 1838 436 1914 (opusc.
455 1858 483 1913 p.
503 1838 578 1912 316),
597 1839 778 1896 demonstravi
796 1840 825 1896 in
842 1838 989 1896 comment.
1011 1843 1071 1898 cn't.
1092 1858 1119 1915 p.
1131 1847 1168 1902 28
1241 1841 1242 1902 f

207 1940 249 1996 sq.
268 1921 367 1980 Ibidem
387 1925 540 1997 suspicatus
558 1940 630 1979 eram
649 1923 790 1998 scripsisse
803 1924 906 1980 Isaeum
928 1913 991 1980 ὅσοι
1008 1920 1040 1982 δὲ
1055 1915 1178 1998 decori--

207 2023 276 2076 καις
300 2004 386 2076 υἱους
411 2003 625 2080 εἰσποιοῦνται,
650 2001 766 2074 τούτοις
788 1998 1011 2074 ἐπιδικάζεσθαι
1031 2003 1045 2090 Η
1068 2006 1091 2086 Η
1114 2007 1167 2068 61.
1241 2003 1242 2074 l

140 2129 144 2145 .
208 2081 289 2165 παρά
303 2089 356 2148 του
376 2081 561 2169 ἐντυχόντος]
583 2092 664 2154 „lert
680 2081 753 2164 πρὸς
771 2080 840 2160 τοὺς
861 2082 1057 2166 ἐντυχόντας“
1081 2093 1168 2168 Saup·
1241 2089 1242 2136 ἒ

207 2175 270 2250 pius
290 2171 379 2250 (epist.
391 2177 449 2234 erit.
466 2195 494 2252 p.
511 2184 541 2237 91
562 2193 603 2249 sq.
618 2184 732 2239 „contra
746 2193 793 2234 eos
811 2178 857 2250 qui
872 2179 1073 2251 possessionem
1088 2178 1168 2234 here·
1241 2175 1242 2178 ’

208 2260 301 2316 ditatis
315 2261 368 2316 iam
384 2261 474 2336 adepti
489 2258 622 2332 essent“).
652 2259 704 2316 Sed
717 2279 741 2316 v.
756 2259 873 2334 Emperii
889 2261 986 2336 Opusc.
1001 2280 1028 2336 p.
1048 2265 1104 2322 779Χ
1115 2279 1167 2336 sq..
1241 2261 1242 2336 Η

209 2344 256 2418 qui
271 2344 330 2416 ip‘se
345 2346 475 2419 proponit
491 2331 571 2413 παρά
585 2333 753 2417 τοόντυχόν.
778 2343 908 2417 liquidem
919 2346 1074 2420 scripserim
1085 2330 1168 2420 παρά
1200 2368 1203 2380 r
1241 2363 1242 2388 ι

209 2424 263 2482 τοῦ
279 2420 467 2502 ἐπιτυχόντος
490 2435 518 2485 et
540 2425 740 2502 explicaverim:
764 2444 817 2490 „ne
832 2445 847 2484 e
863 2427 983 2503 qualibet
997 2446 1091 2493 causa,
1116 2447 1168 2504 per
1241 2415 1242 2500 Η

209 2511 356 2586 quamlibet
377 2513 544 2572 occasionem
564 2511 742 2586 undequaque
761 2519 896 2586 arreptam
918 2512 1098 2571 hereditatum
1119 2531 1168 2588 pe·

192 2635 194 2648 .
207 2595 319 2652 titiones
333 2599 358 2653 ei
375 2598 421 2672 qui
437 2597 470 2652 de
486 2595 635 2652 hereditate
646 2597 809 2652 contendere
823 2595 918 2654 volunt
933 2596 996 2654 lites
1012 2607 1168 2656 moveant.“
1241 2623 1242 2668 3

207 2677 374 2752 Quamquam
395 2697 451 2737 non
472 2697 543 2753 nego
564 2675 600 2734 αλ
620 2668 713 2753 λήξεις
735 2677 891 2756 γίγνονταί
905 2699 964 2736 τινι
987 2673 1068 2758 παρά
1086 2698 1168 2750 τινος
1241 2673 1242 2722 r

206 2771 316 2836 praeter
340 2763 563 2822 consuetudinem
586 2763 687 2832 dictum
713 2781 782 2821 esse.
820 2764 1021 2822 Schoemannus
1042 2755 1083 2840 μὴ
1104 2773 1169 2824 ante
1241 2793 1242 2812 r

110 2901 111 2906 ,
206 2833 288 2920 παρά
302 2850 420 2922 expungi
433 2848 529 2904 voluit.
545 2840 558 2926 Η
574 2844 597 2923 Η
614 2845 664 2904 62.
681 2835 754 2922 πρός
771 2835 824 2904 τόν
837 2837 963 2923 άρχονια
984 2867 1046 2907 cum
1056 2850 1168 2908 Reislrio
1241 2833 1242 2872 Η

207 2931 304 3004 scripsi
319 2931 395 3004 (item
415 2933 531 2990 Cobetus
547 2932 575 2987 in
586 2932 646 2989 Van.
661 2933 745 2988 Lectt.
760 2951 787 3006 p.
804 2929 873 3004 774).
901 2933 975 2989 Libri
989 2929 1031 3002 εἰς
1045 2921 1098 2990 τόν
1113 2923 1170 3008 άρ-
1241 2941 1242 2988 l

206 3029 310 3088 χονταε
328 3017 436 3073 omnino
449 3017 542 3073 abesse
556 3017 656 3073 mavult
669 3015 805 3079 Baiterus‚
820 3023 894 3073 recte
908 3017 1034 3075 sortasse.
1049 3013 1064 3159 Η
1078 3014 1102 3095 Η
1115 3014 1168 3076 67.

207 3085 271 3180 εἶτα
283 3092 482 3176 παρελθόντες
495 3100 558 3156 libri
572 3099 681 3174 (Turn).
694 3099 830 3157 bekkerus
841 3117 903 3156 cum
913 3101 1022 3159 Reiskio
1033 3120 1047 3158 ε
1060 3121 1096 3159 τα
1108 3097 1169 3180 [τί]

206 3175 407 3260 παρελθόντες
421 3179 436 3266 Η
448 3182 509 3241 τῶν
529 3171 623 3240 αὑτοῦ
637 3183 770 3241 lleiskius.
790 3183 863 3240 Libri
880 3172 973 3241 αὑτοῦ
992 3185 1048 3259 (bk.
1066 3186 1170 3258 Turn).

95 3329 103 3341 ,
208 3265 342 3345 Sauppius
364 3269 480 3328 coniecit
499 3264 559 3324 τῶν
581 3259 727 3346 πατρῴαν
745 3265 806 3336 τῶν
827 3255 921 3324 αὑτοῦ
941 3269 1002 3327 coll.
1025 3271 1102 3342 §59.
1123 3277 1170 3332 60.

210 3341 223 3430 Η
241 3346 264 3427 §
280 3350 328 3411 69.
350 3342 444 3422 άλλως
468 3371 499 3408 τε
517 3347 543 3407 εἰ
559 3345 609 3406 καὶ
625 3341 857 3429 ἐμαρτυρήσατε]
875 3353 1044 3445 Hirsqbigius
1060 3357 1088 3411 in
1104 3355 1172 3412 Phi·

208 3433 257 3491 lol.
278 3437 340 3512 Vp.
357 3445 409 3500 323
431 3437 562 3512 flagitavit
581 3424 676 3504 άλλως
697 3451 726 3490 τε
747 3428 797 3490 καλ
817 3451 1063 3512 μαρτυρησανιες.
1091 3441 1128 3496 At
1144 3457 1171 3494 r.
