2490 3914
127 139 213 220 ,3359
265 152 356 203 ΠΕΡΙ
372 150 449 202 νοτ
467 149 765 202 ΦτΛοΚνΗτιοοιοΣ
782 151 945 202 ΚΛΗΡου.
1043 160 1084 219 77
1129 149 1131 156 ’
1181 175 1201 184 ι,

127 305 320 416 συνῴκησεν
338 317 492 415 ἐκείνῳ’
471 351 491 410 η
511 319 652 444 διητήθη
678 325 835 445 τοσρύτον
851 321 972 413 χρόνον
990 327 1025 394 ἐν
1041 331 1084 419 τῇ

126 432 179 494 ί
180 431 221 494 ία
257 421 297 494 τά
321 421 385 514 γάρ
403 427 540 493 τοιαύτα
565 417 627 492 οὐκ
646 429 692 502 είς
709 420 771 509 τήν
787 419 962 514 ἀνάκρισιν
978 422 1083 513 μόνον

10 599 16 610 ‚
126 531 180 594 δεῖ
195 520 429 615 πορίζεσθαι’
413 521 572 646 ονόμριτα,
600 519 683 592 ἄλλα
699 527 741 613 τή
765 519 906 615 ἀληθείᾳ
923 524 1083 613 γεγονότα

32 643 33 648 ’
123 620 370 714 ἀποφαίνεσθαι
401 619 506 695 καὶ
487 621 554 694 υτό
573 652 642 693 των
664 622 897 714 προσηκόντων
919 653 1081 719 καταμαρ-

10 781 12 820 ρ
121 737 307 814 τνρεῑσθαι.
342 721 511 808 ἀποδεῖξαι
527 732 644 794 τοίνυν
660 719 753 813 ήμων
770 723 976 796 κελευόντων
993 723 1081 812 ὅστις
1100 745 1132 798 ιο

10 823 11 840 ’
121 825 195 895 οἶδε
212 829 281 900 τοῖν
291 822 504 914 Εὐκτήμονος
515 819 685 912 οίκείωνή
702 823 946 912 συνοικήσασαν
965 831 1080 921 ἐκείνω

119 924 198 997 τινά
219 922 240 1015 ή
260 923 332 1016 [τήν
349 924 557 1014 Καλλίπτην]
579 928 891 1015 ἐτιτροτενομίνην,
918 929 974 996 καὶ
992 927 1081 1020 παρά

118 1031 189 1098 ταῖν
206 1025 314 1098 όντων
330 1024 547 1118 θεραπόντων
563 1023 622 1095 τόν
639 1031 773 1115 ἔλεγχον
798 1038 983 1115 ποιεῖσθαι,
1010 1023 1032 1116 ή
1051 1039 1085 1098 τί

117 1155 168 1208 τις
186 1132 255 1198 των
272 1124 352 1218 παρ’
380 1124 492 1207 αὐτοῖς
510 1129 646 1197 οίκετοῖν
672 1125 791 1213 φάσκει
816 1130 920 1196 ταύτα
944 1131 1078 1218 εἰδέναι,

116 1223 200 1316 ήμίν
218 1231 443 1320 παραδοῦναι,
462 1224 540 1297 οὐτε
557 1233 673 1314 λαβεῖν
688 1223 858 1314 ήθὲλησαν
875 1224 955 1297 οὐθ’
974 1223 1054 1317 ήμίν
1073 1223 1077 1326 fl

116 1333 338 1417 παραδοῦναι.
384 1337 454 1399 Καί
476 1357 531 1417 μοι
548 1329 629 1416 λαβὲ
646 1325 707 1414 τήν
724 1322 756 1395 τ’
775 1323 950 1417 άτόκρισιν
968 1325 1079 1400 αὐτοῖν

115 1431 173 1498 καὶ
191 1427 253 1510 τάς
270 1425 428 1520 ήμετέρας
445 1436 626 1519 μαρτυρίας
644 1428 700 1496 καί
716 1424 919 1518 προκλήσεις.

225 1593 439 1646 ΑΠΟΚΡΙΣΙΣ.
475 1593 687 1644 ΜΑΡΤΤΡΙΑΙ.
721 1593 975 1644 ΠΡΟΚΛΗΣΕΙΣ.

135 1797 142 1809 ,
194 1723 297 1803 Οὗτοι
323 1734 384 1821 μὲν
408 1737 525 1804 τοίνυν
550 1735 678 1802 τοιούτο
694 1735 826 1822 πρᾶγμα
843 1740 983 1822 ἔφυγον
1013 1729 1076 1821 ἐγω
1095 1739 1126 1792 17

114 1829 148 1902 δ’
168 1829 253 1922 ὑμῖν
278 1836 430 1916 ἐπιδείξω
455 1836 511 1903 καί
536 1829 621 1904 ὅθεν
645 1834 708 1901 em
734 1835 788 1902 καὶ
813 1840 932 1914 οἵτινες
955 1829 1076 1916 αὐτούς

110 1941 276 2020 γνησίους
309 1933 573 2024 διεμαρτύρησαν
600 1932 685 2004 εἶναι
711 1935 766 2004 καί
784 1933 1006 2024 κληρονόμους
1024 1944 1075 2022 ζη-

109 2037 209 2103 τούοι
235 2037 433 2121 καταστῆσαι
456 2038 524 2104 τοῖν
540 2029 760 2122 Εὐκτήμονος.
806 2045 883 2114 ίσως
906 2038 967 2124 μέν
986 2038 1075 2104 ἐστιν

108 2135 215 2222 οιηδὲς
231 2133 470 2228 Φανοστράτῳ,
489 2124 517 2202 οὐ
533 2131 670 2224 ἄνδρες,
689 2131 746 2212 τάς
763 2130 975 2223 Εὐκτήμονος
994 2155 1074 2223 συμ-

107 2230 219 2325 φοράς
238 2232 384 2326 φανεράς
401 2233 618 2305 καθεστάναι·
646 2231 743 2322 ὀλίγα
761 2230 794 2301 δ’
813 2231 994 2323 ἀναγκαῖον
1018 2239 1074 2325 ῥη-

105 2339 234 2423 θῆναι,
263 2331 311 2404 ἵν’
338 2330 434 2424 ὑμεῖς
457 2332 518 2422 τήν
544 2331 717 2505 άλήθειανὲ
723 2333 846 2414 εἰδότες
869 2337 950 2426 ῥᾷον
967 2332 1007 2404 τά
1026 2340 1074 2404 δί-

104 2465 186 2505 καια
214 2442 420 2524 ψηφίσησθε.
467 2432 652 2524 Εὐκτήμων
678 2431 826 2526 μὲνγὰρ
854 2439 933 2523 ἐβίω
958 2442 1013 2522 ἔτη
1038 2439 1072 2518 ἓξ
1092 2447 1125 2498 18

103 2539 169 2605 καιΙ
184 2535 401 2624 ἐνενήκοντα,
420 2534 540 2605 τούτου
559 2537 597 2605 δὲ
613 2538 673 2605 τού
691 2534 811 2626 χρόνον
827 2533 886 2605 τόν
903 2537 971 2656 μὲν
981 2544 1071 2606 πλεθ

67 2639 69 2645 ’
102 2659 187 2706 στον
217 2634 326 2705 ἐδόκει
354 2633 523 2726 εὐδαίμων
550 2636 634 2706 εἶναι
661 2635 730 2724 (καὶ
719 2633 811 2725 ιγάρ
834 2631 933 2706 οὐσία
949 2625 992 2723 ήν
1009 2631 1072 2706 οὐκ

101 2734 206 2824 ὀλίγη
225 2732 317 2828 αὐτω
307 2739 391 2806 καὶ
409 2743 524 2818 παῖδες
541 2739 596 2806 καὶ
611 2735 716 2859 γυγή,
736 2737 790 2805 καὶ
807 2726 900 2806 πάλλ’
922 2739 1070 2817 ἐτιεικως
1131 2730 1136 2750 ’

101 2833 279 2925 εὐτύχει),
308 2839 360 2906 ε’τὶ
386 2837 496 2929 γήρως
523 2834 620 2907 δὲ’
577 2841 678 2932 αυτιβΙ
694 2835 848 2928 συμφορά
875 2839 1005 2925 ἐγένετο
1031 2833 1072 2907 οὐ

98 2935 227 3028 μικρά,
258 2932 281 3023 ή
309 2941 436 3008 ἐκείνου
463 2943 572 3008 πάσαν
597 2936 659 3026 τήν
684 2945 792 3008 οίκίαν
817 2936 999 3027 ἐλυμήνατο
1016 2940 1072 3007 καὶ

97 3037 262 3131 χρήματα
288 3035 391 3107 πολλά
416 3037 552 3108 διώλεσε
576 3042 630 3108 καὶ
649 3035 751 3109 αὐτόν
771 3057 839 3119 τοῖς
862 3037 1071 3126 οἰκειοτάτοις

98 3149 148 3221 είς
180 3134 353 3227 διαφοράν
378 3142 583 3226 κατέστησεν.
627 3135 709 3209 ὅθεν
737 3140 772 3208 δὲ
799 3142 854 3209 καὶ
871 3136 959 3220 ὅπως
976 3134 1070 3209 ταῦτ’
1090 3159 1124 3213 19

98 3245 258 3330 ἐγένετο,
289 3233 332 3317 ὥς
359 3231 400 3306 άν
429 3237 576 3328 δύνωμαι
604 3237 658 3308 διά
684 3238 898 3330 βραχυτάτων
922 3239 1068 3327 δηλιόσω.

92 3339 320 3427 άπελευθέρα
333 3327 375 3425 ήν
386 3334 501 3425 αὐτοῦ,
522 3330 690 3428 ὐάνδρες,
708 3334 731 3426 ή
748 3338 941 3430 ἐναυκλήρει
959 3361 1069 3410 συνοι·

92 3453 178 3512 τίαν
206 3445 245 3510 ἐν
264 3449 420 3530 Πειραιεῖ
441 3435 545 3509 αὐτοῦ
567 3443 622 3509 καὶ
639 3445 813 3520 παιδίσκας
832 3447 958 3531 ἔτρεφε.
994 3440 1069 3510 τού-
