2490 3914
133 1130 168 1182 38

132 2042 169 2096 39

60 139 62 144 ·
183 149 223 214 32
591 143 719 194 ικωου
1036 143 1094 195 οε.
1116 143 1143 194 ο
1162 103 1167 198 ‘1

66 385 70 394 .
181 313 352 404 γενόμενοι
387 317 426 386 δέ
437 292 440 302 ¹
456 341 543 396 τινες
570 316 798 404 ἐξαγγέλλουσι
822 329 890 395 τοῖς
915 321 1049 399 οἰκείοις
1078 301 1176 404 τήν

184 413 378 503 ἐπιβουλήν,
406 418 462 486 καλ
489 414 641 496 ἐλθόντες
669 414 838 504 ἐδήλωσαν
863 413 900 485 τό
918 419 1051 506 πράγμα
1068 431 1180 494 τοῖς

186 521 368 604 δικασταῖς,
394 512 518 587 καὶ“
475 544 581 597 ουτως
606 513 903 639 άπεχειροτόνησαν
927 520 962 586 οί
986 518 1185 596 δικασταὶ

184 613 229 705 μή
245 618 390 704 μισθούν
406 614 483 699 τούς
495 627 620 697 οίκους
650 623 680 686 εί
697 614 729 686 δ’
750 623 887 706 ἔλαθεν,
905 611 1121 686 άκωλάλει”
1098 643 1189 685 αν

184 712 294 786 ἅπασα
310 744 331 804 η
320 711 454 788 ὀὐσία
490 724 561 788 Καί
583 745 637 806 μοι
655 715 747 786 κάλει
763 715 840 799 τούς
852 696 1196 838 παραγενομένους

185 814 362 908 μάρτυρας.

561 963 767 1015 ΜΔΡΤΤΡΕΣ.

258 1119 348 1206 Πρὶν
372 1118 434 1206 μὲν
459 1124 575 1188 τοίνυν
591 1114 728 1199 τούτους
746 1125 907 1207 γνωρίσαι
930 1115 992 1204 τήν
1008 1114 1143 1202 άνθρω-

185 1244 249 1288 πον
266 1219 321 1286 καί
338 1213 410 1306 μετ’
432 1220 557 1306 ἐκείνης
582 1218 815 1306 έπιβουλεύσαι
833 1213 1035 1307 Εὐκτήμονι,
1052 1213 1144 1286 οὕτω

187 1314 312 1404 πολλὴν
338 1313 457 1388 οὐσίαν
484 1320 633 1406 ἐκέκτητο
659 1314 845 1407 Εὐκτήμων
870 1316 951 1406 μετά
975 1321 1037 1388 τοῦ
1052 1319 1144 1396 υἱέος

186 1414 444 1507 Φιλοκτήμονος,
464 1414 546 1488 άστε
559 1415 625 1506 ἅμα
641 1446 677 1488 τε
693 1414 734 1488 τά
750 1419 885 1507 μέγιστα
901 1413 982 1507 ύμῖν
994 1426 1137 1506 λειτουρ-

184 1533 259 1605 γεῖν
284 1513 488 1608 ἀμφοτέρους
513 1522 581 1589 τάν
605 1546 641 1588 τε
666 1514 814 1608 άρχαίων
838 1517 944 1607 μηδὲν
969 1520 1139 1608 πραθήναι
1226 1528 1231 1602 ἠ

185 1621 253 1687 τάν
273 1644 311 1687 τε
331 1617 506 1708 προσόδων
529 1634 730 1708 περιποιεῖν,
757 1615 840 1688 ὥστε
863 1614 920 1687 άεί
932 1645 963 1687 τι
981 1619 1138 1707 προσκτά-
1219 1622 1224 1633 ’

186 1730 281 1787 σθαι·
307 1716 421 1805 ἐπειδή
443 1716 475 1787 δ’
502 1716 691 1806 ἐτελεύτησε
714 1717 949 1807 Φιλοκτήμων,
970 1713 1057 1787 οὕτω
1077 1722 1138 1786 διε-

185 1813 312 1906 τέθη’
293 1846 314 1905 η
340 1815 455 1906 οὐσία,
488 1841 571 1888 ωστε
595 1846 663 1888 των
685 1813 831 1910 άρχαίων
852 1815 1000 1940 μηδέτα
1021 1813 1139 1922 ἡμίσεα
1242 1856 1243 1864 1

187 1917 273 1987 εἶναι
298 1915 396 1988 λοιπά
421 1922 477 1988 καὶ
502 1915 558 1998 τάς
584 1915 767 2009 προσόδους
794 1914 921 1998 ἁπάσας
943 1914 1138 2038 ἠφανίσθαι

187 2020 242 2088 καὶ
258 2014 341 2089 οὐδὲ
356 2021 461 2089 ταῦτα
479 2016 652 2109 ἐξήρκεσεν
669 2015 782 2099 αὐτοῖς
801 2021 1016 2142 διαφορησομ,
1040 2007 1069 2087 ά
1084 2014 1139 2088 άν-

189 2123 283 2207 δρες,
301 2115 375 2186 ἀλλ’
404 2117 517 2207 ἐπειδή
535 2120 590 2188 καὶ
609 2114 853 2207 ἐτελεύτησεν
837 2147 855 2188 ο
872 2115 1110 2208 Εὐκτήμων,ε
1095 2124 1139 2198 εςί

187 2221 285 2287 τούτο
319 2208 426 2305 ήλθον
457 2217 575 2307 τόλμης
603 2215 681 2287 ὥστ’
711 2221 839 2289 ἐκείνου
865 2221 1016 2309 κειμένου
1043 2223 1140 2288 ἔνδον

187 2314 264 2398 τούς
281 2318 343 2406 μέν
360 2319 486 2398 οίκέτας
500 2317 693 2408 ἐφύλαττον,
711 2315 800 2399 ὅπως
817 2321 932 2409 μηδεὶς
945 2321 1141 2406 έξαγγείλειε

188 2414 269 2507 μήτε
294 2433 369 2489 ταῖν
393 2421 595 2510 θυγατέροιν
619 2416 701 2508 μήτε
725 2423 768 2509 τῇ
782 2422 916 2507 γυναικὶ
941 2415 1046 2489 αὐτού
1062 2416 1143 2507 μήτε

187 2521 255 2588 τάν
272 2525 403 2588 οίκείων
420 2525 555 2608 μηδενί,
581 2515 621 2588 τά
649 2519 686 2590 δέ
707 2516 856 2611 χρήματα
873 2525 1015 2590 ἐνδοθεν
1034 2521 1143 2607 ἐξεφο·

188 2615 329 2706 ρήσαντο
339 2616 421 2708 μετά
436 2621 493 2707 τής
510 2615 692 2709 άνθράπου
711 2625 757 2699 είς
767 2616 829 2708 τήν
840 2615 1010 2709 ὁμότοιχον
1021 2626 1142 2706 οἰκίαν,

186 2713 232 2804 ήν
250 2716 328 2810 ᾤκει
344 2720 592 2810 μεμισθωμένος
619 2714 666 2798 εἷς
688 2716 832 2807 τούτων,
848 2717 1043 2810 Ἀυτίδωρος
1061 2722 1143 2788 ἐκεῖ·

136 2829 171 2883 40
187 2844 252 2897 νος.
299 2821 355 2888 καὶ
380 2815 456 2888 οὐδ’
485 2817 599 2907 ἐπειδή
626 2821 748 2910 ἐτέρων
774 2819 959 2910 πυθόμεναι
985 2810 1092 2908 ήλθον
1110 2824 1146 2888 αλ

187 2919 370 3008 θυγατέρες
396 2915 501 2988 αὐτού
526 2921 581 2990 καὶ
606 2914 627 3006 ή
653 2918 757 3008 γυνή,
790 2916 871 2990 οὐδὲ
895 2918 968 2991 τότε
994 2930 1074 2990 είων
1100 2927 1143 2989 εἰ·

188 3018 312 3106 σιέναι,
331 3013 399 3087 ἄλλ’
412 3015 608 3089 ἀπέκλεισαν
618 3022 662 3109 τῇ
672 3017 781 3111 θύρη,
796 3019 977 3109 φάσκοντες
989 3017 1030 3090 οὐ
1044 3038 1144 3110 προσ·

187 3115 281 3204 ήκειν
307 3114 420 3198 αὐταῖς
445 3117 587 3188 θάπτειν
612 3116 825 3209 Εὐκτήμονα·
859 3123 914 3191 καὶ
936 3117 1013 3191 οὐδ’
1042 3128 1144 3190 είσελ-

187 3229 268 3287 θεῖν
295 3217 471 3308 ἐδύναντο,
499 3227 530 3288 εί
553 3217 598 3308 μή
616 3217 708 3309 μόλις
726 3224 781 3290 καί
798 3223 874 3312 περί
890 3217 987 3309 ἡλίου
1006 3218 1143 3309 δυσμάς,

136 3322 398 3389 41είσελθούσαι
424 3319 460 3390 δέ
483 3322 663 3406 κατέλαβον
687 3323 814 3392 ἐκεῖνον
837 3321 898 3410 μέν
922 3328 1021 3392 ένδον
1038 3327 1144 3409 κείμε-

185 3445 246 3488 νον
265 3424 472 3512 δευτεραῖον,
500 3415 544 3500 άς
562 3426 690 3509 ἔφασαν
706 3425 742 3490 oc
755 3424 895 3510 οίκέται,
922 3420 962 3492 τά
981 3417 1015 3492 δ’
1034 3424 1070 3490 έκ
1086 3423 1145 3508 τῆς

1199 914 1201 954 λ

1199 958 1203 1000 λ

1201 1001 1208 1110 λ
