2490 3914
103 118 191 188 ρμῧθ
254 117 345 168 ΠΕΡΙ
362 114 437 168 ΤΟΤ
455 109 730 168 ΔΙΚΑΙΟΡΕΝΟΤΣ
747 113 911 166 ΚΛΗΡΟΤ.
1013 121 1051 182 71
1121 109 1123 122 ’

103 285 173 372 τοῖς
207 294 306 380 ἱεροῖς
339 285 535 379 ἀναθήματα
561 291 681 356 ἐκεῖνοι
708 289 743 356 ἐκ
767 289 834 356 τῶν
859 285 1052 376 περιόντων,
1110 337 1112 344 ,

104 405 246 482 μνημεῖα
261 393 318 477 τής
335 385 446 459 αὐτῶν
462 385 594 480 άρετής,
620 378 800 475 ἀνέθεσαν,
825 389 922 456 τοῶτο
938 388 1000 476 μὲν
1018 391 1053 458 ἐν

104 489 275 565 Διονύσου
299 495 475 616 τρίποδας,
500 485 559 570 οδς
583 491 800 578 χορηγοῦντες
825 485 880 558 καὶ
895 491 1053 569 κυκῶντες

1 659 2 688 ,
105 599 243 680 ἔλαβον,
269 594 366 660 τοῶτο
394 586 426 658 δ’
455 595 491 660 ἐν
515 597 668 660 Πυθίου
696 596 742 658 ἔτι
770 584 802 658 δ’
831 593 867 657 ἐν
883 583 1061 680 ἀκροπόλει
1077 605 1111 657 42

106 689 254 782 ἀπαρχάς
269 695 337 761 τῶν
353 688 460 762 άντων
471 687 651 770 ἀναθέντες
668 698 811 777 πολλοῖς,
830 685 873 770 ῶς
890 685 954 758 άπό
973 694 1059 770 ίδίας
1170 707 1173 718 ’

106 791 263 882 κτήσεως,
281 787 444 881 ἀγάλμασι
461 800 592 881 χαλινοῖς
609 793 664 860 καὶ
680 798 822 870 λιθίνοις
839 787 1060 879 κεκοσμήκασι

104 891 143 963 τό
169 890 267 984 ίεράν.
312 888 406 962 αὐτοὶ
433 888 464 961 δ’
483 887 568 982 ὑπὲρ
584 895 642 980 τής
668 896 824 981 πατρίδος
841 893 1059 978 πολεμοῶντες

104 990 295 1083 άτιέθανου,
321 996 538 1081 Δικαιογένης
563 987 667 1082 μέυδ
694 993 884 1074 Μενεξένου
901 993 962 1059 τοῦ
980 993 1061 1079 ἐμοῶ

104 1091 242 1164 πάππου
267 1090 374 1184 πατήρ
400 1096 591 1183 στρατηγῶν
617 1089 671 1162 ὅτε
696 1087 717 1180 ή
745 1096 781 1162 ἐν
795 1087 956 1162 Ἐλευσῖνι
973 1088 1059 1180 μάχη

1 1237 2 1242 1
107 1197 252 1283 ἐγένετο,
270 1189 507 1278 Μενέξενοςδ’
525 1190 691 1263 ὁέκείνου
716 1191 788 1272 υίός
805 1195 985 1282 φυλαρχῶν
1001 1195 1086 1280 τής

103 1291 278 1398 Ὀλυνθίας
305 1297 341 1364 ἐν
364 1293 574 1389 ΙΣπαρτῶλρ,
600 1297 817 1381 Δικαιογέυης
844 1287 923 1362 δέ
907 1319 925 1361 ο
948 1301 1058 1362 Μενε-

104 1399 202 1478 ξένου
227 1397 434 1486 τριηραρχῶν
458 1397 516 1484 τής
533 1393 691 1518 Παράλου
710 1398 746 1464 ἐν
762 1397 887 1487 Κνίδω.
923 1390 987 1462 τῶν
998 1393 1059 1481 μὲν
1075 1415 1110 1468 43

104 1494 225 1566 τούτου
241 1494 334 1566 οἶκον
351 1494 407 1584 σά,
432 1486 460 1566 ῶ
476 1494 706 1588 Δικαιόγενες,
733 1463 934 1587 παραλάβῶν
951 1496 1058 1573 κακῶς

105 1599 216 1666 καὶί
179 1625 200 1665 α
202 1599 320 1688 ίσχρῶς
334 1595 543 1685 διολῶλεκας,
562 1599 618 1667 καὶ
636 1593 928 1688 ἐξαργυρισάμενος
940 1601 1059 1664 πενίαν

105 1692 229 1788 ὀδάρη,
255 1712 314 1766 ποῖ
337 1693 524 1782 άναλῶσας;
547 1695 623 1767 οὔτε
644 1694 708 1787 γάρ
726 1704 773 1777 είς
789 1693 850 1785 τήν
867 1693 964 1764 πόλιν
981 1721 1059 1763 ουτε

42 1829 50 1840 ·
107 1801 155 1876 είς
172 1795 249 1877 τούς
266 1804 385 1885 φίλους
402 1795 544 1889 φανερὸς
563 1796 594 1866 εί
610 1800 815 1885 δαπανηθεὶς
832 1792 941 1867 οὐδέν.
977 1791 1059 1864 άλλά

105 1895 173 1986 μήν
189 1893 269 1966 οὐδὲ
285 1897 614 1989 καθιπποτρόφηκας·
642 1895 682 1966 οὐ
699 1895 763 1988 γάρ
780 1897 909 1967 πώποτε
935 1891 1058 1984 ἐκτήσω

104 2001 210 2067 ἵππον
234 2005 386 2078 πλείονος
412 1997 503 2082 άξιου
519 1993 540 2087 ή
557 2000 658 2088 τριῶν
683 2001 790 2086 μνῶν·
817 1995 894 2069 ου”τε
910 2005 1058 2080 κατεζευ·

104 2095 329 2188 γοτρόφηκας,
358 2101 429 2168 ἐπεὶ
454 2094 535 2169 οὐδέ
552 2099 664 2186 ζεῦγος
683 2097 807 2188 ἐκτήσω
825 2095 937 2189 ὁρικὸν
962 2093 1058 2167 οὐδε-

105 2194 238 2267 πῶτιοτε
265 2201 317 2267 ἐπὶ
342 2197 508 2280 τοσούτοις
534 2196 648 2289 ἀγροῖς
674 2202 729 2269 καὶ
763 2197 932 2288 κτήμασιν.
984 2192 1057 2265 ἀλλ’
1076 2224 1111 2273 44

105 2293 182 2368 οὐδ’
210 2301 246 2368 ἐκ
270 2301 338 2369 τῶν
355 2306 520 2389 πολεμίων
539 2297 645 2369 ἐλάσω
663 2296 793 2388 οάδένμ.
830 2293 903 2368 ἀλλ’
921 2293 1002 2368 οὐδὲ
1018 2294 1059 2366 τά
1094 2355 1096 2361 ,

105 2395 319 2488 ἀναθήματα,
346 2395 368 2468 ά
393 2403 578 2482 Μενέξενος
604 2403 705 2490 τριῶν
730 2398 899 2471 ταλάντων
924 2395 1059 2485 ποιησά-

104 2526 204 2588 μενος
221 2496 369 2569 άπέθανε
386 2502 466 2590 πρὶν
483 2495 675 2589 άναθεῖναι,
695 2507 741 2582 είς
758 2498 856 2571 πόλιν
873 2497 1057 2587 κεκόμιαας,

104 2595 179 2667 ἀλλ’
200 2602 235 2670 ἐν
252 2617 320 2680 τοῖς
338 2608 559 2690 λιθουργείοις
577 2607 625 2670 ἐτι
642 2602 867 2689 κυλινδεῖταιζ
887 2602 943 2669 καὶ
960 2593 1059 2678 αὐτὸς

104 2700 167 2788 μὲν
183 2695 294 2787 ήξίους
312 2704 490 2789 κεκτῆσθαι
508 2697 530 2769 ά
546 2721 598 2770 σοι
615 2696 716 2771 οὐδὲν
733 2704 876 2792 προσήκε
898 2696 1057 2790 χρήματα,

103 2814 174 2880 τοῖς
193 2800 231 2868 δὲ
247 2812 340 2881 θεοῖς
351 2797 413 2871 οὐκ
425 2794 630 2882 άπέδωκαςά
648 2804 784 2874 ἐκείνων
798 2805 942 2890 ἐγίγνετο
960 2795 1058 2886 άγάλ-

102 2928 198 2989 ματα.
236 2898 290 2969 διά
314 2909 350 2970 τί
372 2891 434 2971 οὖν
459 2898 608 2985 άξιῶσεις
634 2922 696 2972 σου
712 2901 789 2983 τούς
808 2898 962 2980 δικαστάς
979 2895 1058 2968 άπο-
1075 2929 1110 2982 45

103 3007 328 3090 ψηφίσασθαι,
347 2991 374 3070 ῶ
390 3000 622 3090 Δικαιόγενες;
639 3001 778 3093 πότερον
788 2998 839 3072 ὅτι
856 2996 977 3080 πολλάς
994 3007 1059 3068 λει·

102 3107 259 3192 τουργίας
285 3098 553 3192 λελειτοάργηκας
579 3105 621 3192 τῇ
645 3102 754 3191 πόλει,
781 3104 837 3172 καὶ
862 3097 966 3172 πολλά
982 3096 1060 3189 χρή·

103 3229 189 3290 ματα
233 3200 423 3290 δαπανήσας
465 3205 665 3294 σεμνοτέραν
705 3200 767 3291 τήν
801 3201 899 3275 πόλιν
931 3198 1060 3280 τούτοις

104 3305 274 3390 ἐποίησας;
301 3298 322 3390 ή
349 3297 393 3382 ῶς
418 3306 624 3394 τριηραρχῶν
649 3302 751 3375 πολλά
769 3302 854 3375 κακά
869 3299 947 3382 τοάς
964 3309 1059 3371 πολε·
1119 3350 1124 3358 -

102 3409 200 3492 μίους
230 3401 388 3493 είργάσω,
420 3405 476 3471 καὶ
506 3402 662 3495 εἰσφοράς
694 3409 832 3494 δεομένη
861 3406 903 3494 τῇ
925 3406 1060 3490 πατρίδι
