2490 3914
119 209 122 219 N
198 146 258 207 112
609 137 737 190 οιαοτ
1057 134 1151 187 οεε

165 342 168 350 ⁴
195 311 262 400 μέν
280 313 420 398 Φλυῆσι,
439 309 494 378 καὶ
511 305 672 382 ταλάντου
690 313 813 401 ῥαδίως
823 305 926 398 ἀξιον,
944 314 1074 387 οἰκίας
1064 303 1096 375 δ’
1120 309 1161 376 έν

197 408 289 480 ἀστει
308 408 385 499 δύο,
413 405 475 497 τῆν
502 409 565 499 μέν
586 415 666 498 μίαν
686 413 977 500 μισθοφορούσαν,
1005 405 1094 497 παρά
1118 405 1159 476 τό

199 515 237 582 έν
260 518 400 640 Λίμναις
424 508 621 598 Διονύσιον,
646 514 804 598 δισχιλίας
828 505 1068 602 εύρίσκονσαν,
1092 505 1160 594 τῆν
1227 557 1228 564 1

198 607 270 682 6'
253 613 385 703 ετέραν,
411 600 487 702 ε’νῆ
508 607 608 692 αύτὸς
631 607 724 702 βκει,
747 611 850 699 τριῶν
873 611 930 680 καὶ
949 611 1028 679 δέκα
1044 610 1158 697 μνῶν·

198 719 247 783 έτι
266 714 304 782 δέ
320 708 515 804 ἀνδράποδα
537 711 808 801 μισθοφορονντα
830 713 886 780 καὶ
911 709 971 780 δύο
993 715 1160 800 θεραπαί
1227 711 1228 802 ζ

198 841 259 894 νας
283 816 338 883 καὶ
356 817 551 902 παιδίσκην,
576 813 631 882 καὶ
653 816 774 878 ἔπιπλα
792 806 837 880 δι’
864 839 912 881 ων
935 808 1013 904 ᾤκει
1029 806 1092 897 τῆν
1110 815 1160 879 06-
1227 831 1228 904 ᾗ

199 921 294 1003 κίαν,
313 911 433 1003 σχεδὸν
450 911 514 984 σύν
530 928 598 992 τοῖς
614 906 836 1032 ἀνδραπόδοις
853 907 927 994 ἀξια
942 915 1161 1002 τρισκαίδεκα
1227 921 1228 960 ῑ

200 1033 308 1103 μνων·
331 1013 505 1132 σύμπαντα
528 1007 600 1082 δὲ”
581 1031 643 1081 οσα
659 1007 788 1133 φανεροὶ
804 1001 864 1100 ῆν,
888 1006 1026 1082 πλέον”
1005 1039 1027 1098 η
1045 1010 1161 1098 ένενῆ-
1227 1069 1228 1080 ,

200 1143 302 1186 κοντα
319 1117 424 1204 μνιόν
442 1115 540 1203 χωρὶς
559 1113 597 1182 δέ
612 1108 740 1182 τούτων
753 1117 953 1202 δανείσματα
969 1107 1032 1181 ούκ
1048 1107 1158 1198 ὀλίγα,
1227 1137 1228 1202 3

149 1233 184 1287 36
201 1211 263 1305 ἀφ’
287 1244 335 1286 ων
359 1217 482 1294 ἐκεῖνος
504 1241 620 1292 τοκους
649 1211 819 1301 έλάμβαυε.
861 1211 988 1293 τούτοις
1011 1215 1160 1298 Διοκλῆς

202 1313 283 1407 μετά
305 1317 363 1403 τῆς
385 1310 529 1402 ἀδελφῆς
553 1314 558 1400 Ι
580 1311 680 1382 πύλαι
705 1310 946 1402 ἐπεβούλευεν,
971 1308 1085 1398 έπειδῆ
1103 1309 1159 1380 τά-

203 1437 296 1506 ηιστα
326 1419 361 1484 ολ
380 1419 496 1494 παῖδες
525 1417 560 1482 oc
578 1418 729 1504 Χίρωνος
760 1410 985 1500 ἐτελεύτησαν.
1026 1415 1160 1499 ἐκείνην

202 1517 264 1607 μέν
280 1512 343 1604 γάρ
361 1509 423 1584 ούκ
436 1517 582 1597 ἐξεδίδου
601 1514 792 1602 δυναμένην
804 1520 852 1584 ἔτι
869 1529 979 1583 τεκεῖν
990 1518 1114 1591 παῖδας
1127 1515 1159 1594 ἐξ

169 1645 172 1652 ’
204 1619 317 1706 ἑτέρου
340 1611 476 1705 ἀνδρός,
500 1620 557 1685 ἵνα
573 1611 618 1702 μῆ
635 1621 855 1704 χωρισθείσης
877 1615 953 1704 περὶ
969 1615 1037 1683 τοῖν
1055 1607 1160 1682 αὑτοῦ

203 1713 419 1804 βουλεύσαιτο
446 1712 598 1806 καθάπερ
626 1717 809 1805 προσῆκεν,
839 1721 953 1784 ἔπειθε
982 1713 1019 1783 δέ
1046 1715 1161 1801 μένειν

204 1815 399 1904 φάσκουσαν
418 1817 448 1898 ἐξ
466 1811 572 1883 αὐτού
587 1831 684 1884 κυεῖν
700 1825 848 1903 οίεσθαι,
871 1815 1161 1905 προσποιουμένην

205 1918 243 1986 δέ
261 1921 471 2007 διαφθείρειν
488 1911 652 2004 ἀκουσαν,
670 1910 717 1984 ἵν’
738 1917 875 1998 ἐλπίζων
886 1910 938 1982 ἀεὶ
955 1911 1160 2001 γενήσεσθαι
1227 1929 1228 1980 λ

203 2021 325 2141 πμϊδας
343 2010 431 2108 αύτφ
420 2009 664 2105 Ημηδέτερον
645 2043 739 2103 ημων
756 2012 977 2102 είσποιῆσαιτο
994 2011 1084 2082 υἱόν·
1104 2013 1159 2080 καὶ

203 2115 262 2188 τόν
284 2119 410 2207 πατέρα
433 2118 606 2203 διέβαλλεν
633 2109 701 2202 ἀεί,
731 2112 870 2202 φάσκυν
896 2109 998 2183 αύτὸν
1027 2115 1161 2236 έπιβον-
1227 2167 1228 2190 ,

152 2239 186 2291 37
204 2215 317 2287 λεύειν
332 2231 402 2295 τοϊς
421 2218 557 2285 ἐκείνου.
581 2213 622 2284 τά
638 2241 674 2283 τε
690 2204 753 2285 ούν
770 2213 903 2305 χρέα
858 2241 965 2286 παντα
981 2235 1042 2283 οσα
1060 2209 1161 2302 ἀφεί
1227 2221 1228 2248 ³

206 2327 279 2387 λετο
297 2311 405 2408 αύτῷ,
423 2313 532 2384 καὶ
495 2343 611 2396 τοκους
630 2321 759 2404 ἔπειθε,
776 2313 818 2385 τά
833 2342 870 2385 τε
887 2343 1016 2406 φανερα
1005 2311 1083 2383 δι’
1101 2309 1162 2384 αύ-

205 2420 266 2488 τοῦ
287 2385 473 2504 ποιείσθαι,
503 2414 662 2505 παράγιον
684 2412 792 2507 ἀνδρα
813 2414 1039 2508 πρεσβύτερον
1059 2427 1163 2506 θερα·

206 2525 328 2598 πείαις-
354 2519 410 2586 καὶ
451 2524 651 2605 κολακείαις,
694 2519 754 2596 ἕως
789 2513 918 2586 ἅπαντα
956 2514 996 2586 τά
1031 2519 1164 2586 ἐκείνου
1227 2511 1228 2592 ξ

206 2621 411 2708 περιέλαβεν.
449 2613 545 2697 είδεάς
564 2618 602 2687 66
618 2613 668 2686 ὅτι
685 2615 819 2687 πάντων
842 2613 905 2704 ἐγώ
928 2615 1056 2687 τούτων
1079 2614 1165 2686 κατὰ
1227 2653 1228 2668 ι

206 2715 243 2788 τὸ
264 2720 432 2808 προσῆκον
459 2716 542 2787 εἶναι
572 2716 684 2806 κύριος
713 2715 852 2805 ζητῆσω,
875 2712 974 2787 ὁπότε
995 2711 1165 2796 ὁπάππος
1227 2779 1228 2792 ,

169 2907 170 2910 ¹
208 2815 436 2907 ἐτελεύτησεν,
456 2820 592 2888 είσιέναι
610 2820 670 2906 μέν
686 2844 727 2905 με
744 2820 800 2886 καὶ
816 2816 1020 2906 θεραπεύειν
1033 2820 1166 2888 ἐκεῖνον
1227 2867 1228 2878 ι

207 2919 263 2988 καὶ
285 2923 534 3008 συνδιατρίβειν
557 2914 619 2987 οὐκ
644 2915 783 3006 έκύλυε,
813 2915 931 2998 ’δεδιεδς
954 2915 999 3007 μῆ
1022 2945 1166 3008 τραχυν-

207 3020 282 3098 θεὶς
301 3026 348 3099 είς
364 3014 467 3109 ὀργῆν
484 3026 685 3104 κατασταίην
702 3015 782 3107 πρὸς
799 3013 917 3106 αύτόν,
941 3015 1169 3108 παρεσκεύαζε

208 3121 250 3188 δέ
263 3147 318 3208 μοι
335 3115 393 3188 τόν
410 3115 700 3206 ἀμφισβητήσοντα
713 3121 770 3205 τῆς
788 3113 918 3206 ούσίας,
937 3121 1033 3208 μέρος
1046 3127 1169 3187 πολλο-
1227 3139 1228 3176 λ

208 3216 288 3290 στάν
315 3217 420 3310 τούτῳ
446 3215 645 3306 μεταδιδούς
668 3224 698 3287 εί
724 3216 982 3309 κατορθώσειεν,
1012 3213 1107 3310 αύτῷ
1130 3219 1172 3288 δὲ

209 3323 314 3393 ταῦτα
336 3316 443 3389 πάντα
459 3323 654 3410 περιποιεῖν,
680 3322 735 3388 καὶ
751 3315 833 3389 οὐδὲ
855 3317 936 3409 πρός
952 3323 1071 3390 τοῦτον
1087 3313 1173 3407 ὁμο·

211 3423 319 3507 λοηῶν
341 3416 400 3489 τὸν
421 3417 556 3490 πάππον
577 3417 726 3510 χρήματα
748 3429 956 3510 καταλιπεῖν,
979 3415 1052 3490 ἀλλ’
1078 3419 1173 3490 εἶναι
