<?xml version="1.0" encoding="UTF-8"?>
<!DOCTYPE html PUBLIC "-//W3C//DTD XHTML 1.0 Transitional//EN"
    "http://www.w3.org/TR/xhtml1/DTD/xhtml1-transitional.dtd">
<html xmlns="http://www.w3.org/1999/xhtml" xml:lang="en" lang="en">
 <head>
  <title>
</title>
<meta http-equiv="Content-Type" content="text/html;charset=utf-8" />
  <meta name='ocr-system' content='tesseract 3.04.00' />
  <meta name='ocr-capabilities' content='ocr_page ocr_carea ocr_par ocr_line ocrx_word'/>
</head>
<body>
  <div class='ocr_page' id='page_1' title='image "./isaeiorationesc01isaegoog_0081.png"; bbox 0 0 2502 3930; ppageno 0'>
   <div class='ocr_carea' id='block_1_1' title="bbox 192 118 1142 186">
    <p class='ocr_par' dir='ltr' id='par_1_1' title="bbox 192 118 1142 186">
     <span class='ocr_line' id='line_1_1' title="bbox 192 118 1142 186; baseline 0.003 -19"><span class='ocrx_word' id='word_1_1' title='bbox 192 127 233 186; x_wconf 69' lang='grc' dir='ltr'><strong><em>χρ</em></strong></span> <span class='ocrx_word' id='word_1_2' title='bbox 606 118 733 170; x_wconf 69' lang='grc' dir='ltr'><strong><em>ιελιον</em></strong></span> <span class='ocrx_word' id='word_1_3' title='bbox 1047 121 1099 170; x_wconf 70' lang='grc' dir='ltr'><strong><em>οε.</em></strong></span> <span class='ocrx_word' id='word_1_4' title='bbox 1118 123 1142 171; x_wconf 83' lang='lat'><strong><em>2.</em></strong></span> 
     </span>
    </p>
   </div>
   <div class='ocr_carea' id='block_1_2' title="bbox 16 278 1234 3485">
    <p class='ocr_par' dir='ltr' id='par_1_2' title="bbox 16 278 1234 3485">
     <span class='ocr_line' id='line_1_2' title="bbox 192 278 1143 378; baseline 0 -19"><span class='ocrx_word' id='word_1_5' title='bbox 192 285 379 376; x_wconf 82' lang='grc' dir='ltr'><strong><em>ἀπέδωκεν,</em></strong></span> <span class='ocrx_word' id='word_1_6' title='bbox 403 278 498 370; x_wconf 76' lang='grc' dir='ltr'><strong><em>οὗτος</em></strong></span> <span class='ocrx_word' id='word_1_7' title='bbox 523 297 618 377; x_wconf 77' lang='grc' dir='ltr'><strong><em>ἔλαβε</em></strong></span> <span class='ocrx_word' id='word_1_8' title='bbox 641 293 758 373; x_wconf 83' lang='grc' dir='ltr'><strong><em>ζῶντος</em></strong></span> <span class='ocrx_word' id='word_1_9' title='bbox 784 293 912 360; x_wconf 84' lang='grc' dir='ltr'><strong><em>ἐκείνου</em></strong></span> <span class='ocrx_word' id='word_1_10' title='bbox 935 298 998 378; x_wconf 81' lang='grc' dir='ltr'><strong><em>ἔτι,</em></strong></span> <span class='ocrx_word' id='word_1_11' title='bbox 1017 293 1085 370; x_wconf 88' lang='grc' dir='ltr'><strong><em>πῶς</em></strong></span> <span class='ocrx_word' id='word_1_12' title='bbox 1102 287 1143 359; x_wconf 88' lang='lat'><strong><em>06</em></strong></span> 
     </span>
     <span class='ocr_line' id='line_1_3' title="bbox 16 385 1234 511; baseline 0.001 -53"><span class='ocrx_word' id='word_1_13' title='bbox 16 390 48 452; x_wconf 65' lang='grc' dir='ltr'><strong><em>’δ</em></strong></span> <span class='ocrx_word' id='word_1_14' title='bbox 137 417 176 468; x_wconf 76' lang='lat'><strong><em>28</em></strong></span> <span class='ocrx_word' id='word_1_15' title='bbox 193 393 381 511; x_wconf 91' lang='grc' dir='ltr'><strong><em>περιφανῶς</em></strong></span> <span class='ocrx_word' id='word_1_16' title='bbox 416 391 612 479; x_wconf 77' lang='grc' dir='ltr'><strong><em>ἐξελέγχεται</em></strong></span> <span class='ocrx_word' id='word_1_17' title='bbox 640 385 777 509; x_wconf 72' lang='grc' dir='ltr'><strong><em>ἀναιδής</em></strong></span> <span class='ocrx_word' id='word_1_18' title='bbox 812 387 875 475; x_wconf 78' lang='lat'><strong><em>663</em></strong></span> <span class='ocrx_word' id='word_1_19' title='bbox 906 386 960 470; x_wconf 73' lang='grc' dir='ltr'><strong><em>Ὡς</em></strong></span> <span class='ocrx_word' id='word_1_20' title='bbox 995 391 1032 460; x_wconf 71' lang='grc' dir='ltr'><strong><em>δὲ·</em></strong></span> <span class='ocrx_word' id='word_1_21' title='bbox 1067 398 1141 479; x_wconf 78' lang='grc' dir='ltr'><strong><em>ἔχει,</em></strong></span> <span class='ocrx_word' id='word_1_22' title='bbox 1233 419 1234 468; x_wconf 65' lang='lat'>3</span> 
     </span>
     <span class='ocr_line' id='line_1_4' title="bbox 195 486 1142 611; baseline 0.001 -53"><span class='ocrx_word' id='word_1_23' title='bbox 195 486 257 578; x_wconf 83' lang='grc' dir='ltr'><strong><em>ἐγῶ</em></strong></span> <span class='ocrx_word' id='word_1_24' title='bbox 277 492 436 571; x_wconf 79' lang='grc' dir='ltr'><strong><em>ἐπιδείξω</em></strong></span> <span class='ocrx_word' id='word_1_25' title='bbox 479 489 591 578; x_wconf 82' lang='grc' dir='ltr'><strong><em>ἐπειδή</em></strong></span> <span class='ocrx_word' id='word_1_26' title='bbox 614 487 677 576; x_wconf 86' lang='grc' dir='ltr'><strong><em>γάρ</em></strong></span> <span class='ocrx_word' id='word_1_27' title='bbox 701 495 766 559; x_wconf 80' lang='grc' dir='ltr'><strong><em>ἔδει</em></strong></span> <span class='ocrx_word' id='word_1_28' title='bbox 790 519 834 582; x_wconf 81' lang='grc' dir='ltr'><strong><em>τῳ</em></strong></span> <span class='ocrx_word' id='word_1_29' title='bbox 852 487 989 611; x_wconf 71' lang='grc' dir='ltr'><strong><em>ὀρφανῷ</em></strong></span> <span class='ocrx_word' id='word_1_30' title='bbox 1009 489 1049 560; x_wconf 81' lang='grc' dir='ltr'><strong><em>τά</em></strong></span> <span class='ocrx_word' id='word_1_31' title='bbox 1067 490 1142 579; x_wconf 92' lang='grc' dir='ltr'><strong><em>χρή·</em></strong></span> 
     </span>
     <span class='ocr_line' id='line_1_5' title="bbox 193 585 1142 712; baseline 0 -52"><span class='ocrx_word' id='word_1_32' title='bbox 193 617 283 679; x_wconf 89' lang='grc' dir='ltr'><strong><em>ματα</em></strong></span> <span class='ocrx_word' id='word_1_33' title='bbox 309 585 566 678; x_wconf 76' lang='grc' dir='ltr'><strong><em>ἀποδιδόναι,</em></strong></span> <span class='ocrx_word' id='word_1_34' title='bbox 551 619 568 660; x_wconf 92' lang='grc' dir='ltr'><strong><em>ο</em></strong></span> <span class='ocrx_word' id='word_1_35' title='bbox 598 587 629 660; x_wconf 89' lang='grc' dir='ltr'><strong><em>δ’</em></strong></span> <span class='ocrx_word' id='word_1_36' title='bbox 659 586 721 659; x_wconf 78' lang='grc' dir='ltr'><strong><em>οὐκ</em></strong></span> <span class='ocrx_word' id='word_1_37' title='bbox 753 591 838 684; x_wconf 82' lang='grc' dir='ltr'><strong><em>εἶχεν</em></strong></span> <span class='ocrx_word' id='word_1_38' title='bbox 865 586 990 662; x_wconf 83' lang='grc' dir='ltr'><strong><em>ὁπόθεν</em></strong></span> <span class='ocrx_word' id='word_1_39' title='bbox 1017 587 1142 712; x_wconf 78' lang='grc' dir='ltr'><strong><em>ἀποδῶ,</em></strong></span> 
     </span>
     <span class='ocr_line' id='line_1_6' title="bbox 193 681 1141 818; baseline 0.002 -60"><span class='ocrx_word' id='word_1_40' title='bbox 193 689 282 760; x_wconf 90' lang='grc' dir='ltr'><strong><em>τόκοι</em></strong></span> <span class='ocrx_word' id='word_1_41' title='bbox 305 691 342 758; x_wconf 91' lang='grc' dir='ltr'><strong><em>δε</em></strong></span> <span class='ocrx_word' id='word_1_42' title='bbox 364 695 489 760; x_wconf 82' lang='grc' dir='ltr'><strong><em>πολλοῶ</em></strong></span> <span class='ocrx_word' id='word_1_43' title='bbox 510 688 629 818; x_wconf 80' lang='grc' dir='ltr'><strong><em>χρόνρυ</em></strong></span> <span class='ocrx_word' id='word_1_44' title='bbox 652 689 910 778; x_wconf 77' lang='grc' dir='ltr'><strong><em>συνερρυηκότες</em></strong></span> <span class='ocrx_word' id='word_1_45' title='bbox 933 681 1017 779; x_wconf 86' lang='grc' dir='ltr'><strong><em>ήσαν</em></strong></span> <span class='ocrx_word' id='word_1_46' title='bbox 1041 687 1141 782; x_wconf 77' lang='grc' dir='ltr'><strong><em>αὐτῷ,</em></strong></span> 
     </span>
     <span class='ocr_line' id='line_1_7' title="bbox 193 779 1141 918; baseline 0 -60"><span class='ocrx_word' id='word_1_47' title='bbox 193 787 229 859; x_wconf 84' lang='grc' dir='ltr'><strong><em>τό</em></strong></span> <span class='ocrx_word' id='word_1_48' title='bbox 247 798 368 880; x_wconf 86' lang='grc' dir='ltr'><strong><em>χωρίον</em></strong></span> <span class='ocrx_word' id='word_1_49' title='bbox 386 789 511 911; x_wconf 70' lang='grc' dir='ltr'><strong><em>έπῶλει</em></strong></span> <span class='ocrx_word' id='word_1_50' title='bbox 552 794 606 860; x_wconf 89' lang='grc' dir='ltr'><strong><em>καὶ</em></strong></span> <span class='ocrx_word' id='word_1_51' title='bbox 629 779 724 870; x_wconf 72' lang='grc' dir='ltr'><strong><em>οὗτος</em></strong></span> <span class='ocrx_word' id='word_1_52' title='bbox 739 795 864 918; x_wconf 76' lang='grc' dir='ltr'><strong><em>καιροῦ</em></strong></span> <span class='ocrx_word' id='word_1_53' title='bbox 880 789 1065 918; x_wconf 75' lang='grc' dir='ltr'><strong><em>λαβόμενος</em></strong></span> <span class='ocrx_word' id='word_1_54' title='bbox 1088 795 1141 862; x_wconf 86' lang='grc' dir='ltr'><strong><em>καὶ</em></strong></span> 
     </span>
     <span class='ocr_line' id='line_1_8' title="bbox 194 886 1142 982; baseline -0.001 -22"><span class='ocrx_word' id='word_1_55' title='bbox 194 888 391 978; x_wconf 79' lang='grc' dir='ltr'><strong><em>βουλόμενος</em></strong></span> <span class='ocrx_word' id='word_1_56' title='bbox 409 886 498 982; x_wconf 71' lang='lat'>6666</span> <span class='ocrx_word' id='word_1_57' title='bbox 487 887 755 980; x_wconf 78' lang='grc' dir='ltr'><strong><em>έπηρεάζειν,”</em></strong></span> <span class='ocrx_word' id='word_1_58' title='bbox 736 918 785 959; x_wconf 92' lang='grc' dir='ltr'><strong><em>οτι</em></strong></span> <span class='ocrx_word' id='word_1_59' title='bbox 804 892 858 979; x_wconf 86' lang='grc' dir='ltr'><strong><em>έμε</em></strong></span> <span class='ocrx_word' id='word_1_60' title='bbox 871 889 1058 978; x_wconf 83' lang='grc' dir='ltr'><strong><em>ἐποιήσατο,</em></strong></span> <span class='ocrx_word' id='word_1_61' title='bbox 1079 897 1142 959; x_wconf 88' lang='grc' dir='ltr'><strong><em>διε</em></strong></span> 
     </span>
     <span class='ocr_line' id='line_1_9' title="bbox 194 987 1142 1110; baseline 0.002 -52"><span class='ocrx_word' id='word_1_62' title='bbox 194 988 302 1059; x_wconf 82' lang='grc' dir='ltr'><strong><em>κῶλνε</em></strong></span> <span class='ocrx_word' id='word_1_63' title='bbox 322 987 358 1058; x_wconf 88' lang='grc' dir='ltr'><strong><em>τδ</em></strong></span> <span class='ocrx_word' id='word_1_64' title='bbox 382 998 501 1080; x_wconf 91' lang='grc' dir='ltr'><strong><em>χωρίον</em></strong></span> <span class='ocrx_word' id='word_1_65' title='bbox 524 994 708 1080; x_wconf 79' lang='grc' dir='ltr'><strong><em>πραθῆναι,</em></strong></span> <span class='ocrx_word' id='word_1_66' title='bbox 732 995 788 1060; x_wconf 83' lang='grc' dir='ltr'><strong><em>ἵνα</em></strong></span> <span class='ocrx_word' id='word_1_67' title='bbox 810 989 1032 1110; x_wconf 86' lang='grc' dir='ltr'><strong><em>κατοαῶχιμον</em></strong></span> <span class='ocrx_word' id='word_1_68' title='bbox 1048 994 1142 1078; x_wconf 84' lang='grc' dir='ltr'><strong><em>γένη-</em></strong></span> 
     </span>
     <span class='ocr_line' id='line_1_10' title="bbox 193 1085 1142 1212; baseline 0 -53"><span class='ocrx_word' id='word_1_69' title='bbox 193 1119 246 1159; x_wconf 90' lang='grc' dir='ltr'><strong><em>ται</em></strong></span> <span class='ocrx_word' id='word_1_70' title='bbox 264 1092 319 1160; x_wconf 80' lang='grc' dir='ltr'><strong><em>καὶ</em></strong></span> <span class='ocrx_word' id='word_1_71' title='bbox 336 1085 532 1179; x_wconf 79' lang='grc' dir='ltr'><strong><em>ἀναγκασθῇ</em></strong></span> <span class='ocrx_word' id='word_1_72' title='bbox 548 1094 595 1182; x_wconf 76' lang='grc' dir='ltr'><strong><em>τῷ</em></strong></span> <span class='ocrx_word' id='word_1_73' title='bbox 606 1087 743 1182; x_wconf 76' lang='grc' dir='ltr'><strong><em>ὀρφανῷ</em></strong></span> <span class='ocrx_word' id='word_1_74' title='bbox 753 1086 950 1178; x_wconf 76' lang='grc' dir='ltr'><strong><em>ἀποστῆναι.</em></strong></span> <span class='ocrx_word' id='word_1_75' title='bbox 978 1088 1142 1212; x_wconf 77' lang='grc' dir='ltr'><strong><em>ἡμφισβή-</em></strong></span> 
     </span>
     <span class='ocr_line' id='line_1_11' title="bbox 193 1180 1234 1320; baseline 0.001 -60"><span class='ocrx_word' id='word_1_76' title='bbox 193 1218 241 1260; x_wconf 91' lang='grc' dir='ltr'><strong><em>τει</em></strong></span> <span class='ocrx_word' id='word_1_77' title='bbox 265 1180 327 1259; x_wconf 83' lang='grc' dir='ltr'><strong><em>οὖν</em></strong></span> <span class='ocrx_word' id='word_1_78' title='bbox 351 1185 443 1282; x_wconf 68' lang='lat'>6666</span> <span class='ocrx_word' id='word_1_79' title='bbox 469 1193 587 1280; x_wconf 81' lang='grc' dir='ltr'><strong><em>μέρους</em></strong></span> <span class='ocrx_word' id='word_1_80' title='bbox 615 1188 703 1270; x_wconf 87' lang='grc' dir='ltr'><strong><em>τιν’ὁς</em></strong></span> <span class='ocrx_word' id='word_1_81' title='bbox 732 1195 794 1260; x_wconf 82' lang='grc' dir='ltr'><strong><em>ταῶ</em></strong></span> <span class='ocrx_word' id='word_1_82' title='bbox 813 1200 964 1320; x_wconf 84' lang='grc' dir='ltr'><strong><em>χωρίον,</em></strong></span> <span class='ocrx_word' id='word_1_83' title='bbox 983 1189 1143 1281; x_wconf 87' lang='grc' dir='ltr'><strong><em>πρότερον</em></strong></span> <span class='ocrx_word' id='word_1_84' title='bbox 1233 1235 1234 1238; x_wconf 61' lang='lat'><em>=</em></span> 
     </span>
     <span class='ocr_line' id='line_1_12' title="bbox 193 1286 1143 1412; baseline 0.002 -54"><span class='ocrx_word' id='word_1_85' title='bbox 193 1287 272 1360; x_wconf 78' lang='grc' dir='ltr'><strong><em>οὐδε</em></strong></span> <span class='ocrx_word' id='word_1_86' title='bbox 307 1286 436 1360; x_wconf 85' lang='grc' dir='ltr'><strong><em>πῶποτε</em></strong></span> <span class='ocrx_word' id='word_1_87' title='bbox 469 1287 734 1379; x_wconf 75' lang='grc' dir='ltr'><strong><em>ἀμφισβητήσας,</em></strong></span> <span class='ocrx_word' id='word_1_88' title='bbox 769 1293 823 1362; x_wconf 84' lang='grc' dir='ltr'><strong><em>καὶ</em></strong></span> <span class='ocrx_word' id='word_1_89' title='bbox 841 1287 1042 1412; x_wconf 82' lang='grc' dir='ltr'><strong><em>ἀπηγόρευε</em></strong></span> <span class='ocrx_word' id='word_1_90' title='bbox 1074 1309 1143 1371; x_wconf 86' lang='grc' dir='ltr'><strong><em>τοῖς</em></strong></span> 
     </span>
     <span class='ocr_line' id='line_1_13' title="bbox 137 1386 1143 1480; baseline 0.001 -22"><span class='ocrx_word' id='word_1_91' title='bbox 137 1408 175 1459; x_wconf 77' lang='lat'><strong><em>⁴20</em></strong></span> <span class='ocrx_word' id='word_1_92' title='bbox 193 1387 450 1479; x_wconf 82' lang='grc' dir='ltr'><strong><em>ω’νουμένοιςμή</em></strong></span> <span class='ocrx_word' id='word_1_93' title='bbox 464 1387 632 1460; x_wconf 78' lang='grc' dir='ltr'><strong><em>ἀνεῖσθαι.</em></strong></span> <span class='ocrx_word' id='word_1_94' title='bbox 664 1386 813 1470; x_wconf 86' lang='grc' dir='ltr'><strong><em>κάκεῖνος</em></strong></span> <span class='ocrx_word' id='word_1_95' title='bbox 830 1387 1023 1480; x_wconf 73' lang='grc' dir='ltr'><strong><em>ἠγανάκτει,</em></strong></span> <span class='ocrx_word' id='word_1_96' title='bbox 1040 1391 1143 1480; x_wconf 83' lang='grc' dir='ltr'><strong><em>οἶμαι,</em></strong></span> 
     </span>
     <span class='ocr_line' id='line_1_14' title="bbox 193 1481 1234 1580; baseline 0 -20"><span class='ocrx_word' id='word_1_97' title='bbox 193 1493 248 1560; x_wconf 82' lang='grc' dir='ltr'><strong><em>καὶ</em></strong></span> <span class='ocrx_word' id='word_1_98' title='bbox 272 1485 468 1577; x_wconf 78' lang='grc' dir='ltr'><strong><em>ἠναγκάζετο</em></strong></span> <span class='ocrx_word' id='word_1_99' title='bbox 492 1486 730 1560; x_wconf 76' lang='grc' dir='ltr'><strong><em>ὑπολείπεσθαι</em></strong></span> <span class='ocrx_word' id='word_1_100' title='bbox 753 1481 795 1562; x_wconf 85' lang='lat'><strong><em>06</em></strong></span> <span class='ocrx_word' id='word_1_101' title='bbox 817 1487 1064 1580; x_wconf 74' lang='grc' dir='ltr'><strong><em>ἠμφισβήτησεν</em></strong></span> <span class='ocrx_word' id='word_1_102' title='bbox 1087 1482 1142 1560; x_wconf 85' lang='lat'><strong><em>06-</em></strong></span> <span class='ocrx_word' id='word_1_103' title='bbox 1233 1543 1234 1568; x_wconf 43' lang='grc' dir='ltr'><strong><em>ι</em></strong></span> 
     </span>
     <span class='ocr_line' id='line_1_15' title="bbox 192 1587 1234 1684; baseline 0 -24"><span class='ocrx_word' id='word_1_104' title='bbox 192 1619 254 1670; x_wconf 86' lang='grc' dir='ltr'><strong><em>τος.</em></strong></span> <span class='ocrx_word' id='word_1_105' title='bbox 294 1588 331 1660; x_wconf 83' lang='grc' dir='ltr'><strong><em>τό</em></strong></span> <span class='ocrx_word' id='word_1_106' title='bbox 350 1591 386 1659; x_wconf 75' lang='grc' dir='ltr'><strong><em>δὲ</em></strong></span> <span class='ocrx_word' id='word_1_107' title='bbox 404 1589 484 1660; x_wconf 82' lang='grc' dir='ltr'><strong><em>ἀλλο</em></strong></span> <span class='ocrx_word' id='word_1_108' title='bbox 505 1587 698 1662; x_wconf 78' lang='grc' dir='ltr'><strong><em>ἀποδίδοται</em></strong></span> <span class='ocrx_word' id='word_1_109' title='bbox 717 1599 870 1684; x_wconf 75' lang='grc' dir='ltr'><strong><em>Φιλίππω</em></strong></span> <span class='ocrx_word' id='word_1_110' title='bbox 887 1596 933 1684; x_wconf 79' lang='grc' dir='ltr'><strong><em>τῷ</em></strong></span> <span class='ocrx_word' id='word_1_111' title='bbox 949 1603 1073 1662; x_wconf 78' lang='grc' dir='ltr'><strong><em>Πιτθεῖ</em></strong></span> <span class='ocrx_word' id='word_1_112' title='bbox 1090 1593 1142 1678; x_wconf 85' lang='grc' dir='ltr'><strong><em>ἑβ-</em></strong></span> <span class='ocrx_word' id='word_1_113' title='bbox 1233 1595 1234 1604; x_wconf 69' lang='grc'>’</span> 
     </span>
     <span class='ocr_line' id='line_1_16' title="bbox 194 1687 1142 1780; baseline 0.002 -21"><span class='ocrx_word' id='word_1_114' title='bbox 194 1689 377 1778; x_wconf 87' lang='grc' dir='ltr'><strong><em>δομήκοντα</em></strong></span> <span class='ocrx_word' id='word_1_115' title='bbox 402 1694 511 1780; x_wconf 88' lang='grc' dir='ltr'><strong><em>μνῶν,</em></strong></span> <span class='ocrx_word' id='word_1_116' title='bbox 542 1694 597 1761; x_wconf 86' lang='grc' dir='ltr'><strong><em>καλ</em></strong></span> <span class='ocrx_word' id='word_1_117' title='bbox 627 1687 713 1760; x_wconf 79' lang='grc' dir='ltr'><strong><em>οὕτω</em></strong></span> <span class='ocrx_word' id='word_1_118' title='bbox 746 1690 872 1762; x_wconf 80' lang='grc' dir='ltr'><strong><em>διαλύει</em></strong></span> <span class='ocrx_word' id='word_1_119' title='bbox 902 1690 959 1763; x_wconf 90' lang='grc' dir='ltr'><strong><em>τόν</em></strong></span> <span class='ocrx_word' id='word_1_120' title='bbox 984 1689 1142 1779; x_wconf 86' lang='grc' dir='ltr'><strong><em>ὀρφανόν,</em></strong></span> 
     </span>
     <span class='ocr_line' id='line_1_17' title="bbox 194 1787 1234 1881; baseline 0.003 -23"><span class='ocrx_word' id='word_1_121' title='bbox 194 1788 275 1860; x_wconf 79' lang='grc' dir='ltr'><strong><em>ἔπτὰ</em></strong></span> <span class='ocrx_word' id='word_1_122' title='bbox 307 1794 389 1879; x_wconf 87' lang='grc' dir='ltr'><strong><em>μνάς</em></strong></span> <span class='ocrx_word' id='word_1_123' title='bbox 423 1794 477 1859; x_wconf 84' lang='grc' dir='ltr'><strong><em>καὶ</em></strong></span> <span class='ocrx_word' id='word_1_124' title='bbox 511 1789 670 1862; x_wconf 87' lang='grc' dir='ltr'><strong><em>τάλαντον</em></strong></span> <span class='ocrx_word' id='word_1_125' title='bbox 703 1787 847 1872; x_wconf 78' lang='grc' dir='ltr'><strong><em>ἀποδοάς</em></strong></span> <span class='ocrx_word' id='word_1_126' title='bbox 875 1789 939 1863; x_wconf 87' lang='grc' dir='ltr'><strong><em>ἀπό</em></strong></span> <span class='ocrx_word' id='word_1_127' title='bbox 965 1795 1021 1880; x_wconf 88' lang='grc' dir='ltr'><strong><em>τής</em></strong></span> <span class='ocrx_word' id='word_1_128' title='bbox 1050 1796 1143 1881; x_wconf 85' lang='grc' dir='ltr'><strong><em>τιμής</em></strong></span> <span class='ocrx_word' id='word_1_129' title='bbox 1233 1871 1234 1878; x_wconf 16' lang='grc' dir='ltr'><strong><em>χ</em></strong></span> 
     </span>
     <span class='ocr_line' id='line_1_18' title="bbox 190 1888 1143 1984; baseline 0.001 -25"><span class='ocrx_word' id='word_1_130' title='bbox 190 1894 254 1960; x_wconf 80' lang='grc' dir='ltr'><strong><em>ποῶ</em></strong></span> <span class='ocrx_word' id='word_1_131' title='bbox 285 1899 421 1980; x_wconf 83' lang='grc' dir='ltr'><strong><em>χωρίον·</em></strong></span> <span class='ocrx_word' id='word_1_132' title='bbox 456 1888 560 1984; x_wconf 77' lang='grc' dir='ltr'><strong><em>τούτῳ</em></strong></span> <span class='ocrx_word' id='word_1_133' title='bbox 595 1892 631 1960; x_wconf 70' lang='grc' dir='ltr'><strong><em>δέ</em></strong></span> <span class='ocrx_word' id='word_1_134' title='bbox 665 1889 817 1981; x_wconf 77' lang='grc' dir='ltr'><strong><em>λαγχάνει</em></strong></span> <span class='ocrx_word' id='word_1_135' title='bbox 844 1898 939 1980; x_wconf 82' lang='grc' dir='ltr'><strong><em>δίκην</em></strong></span> <span class='ocrx_word' id='word_1_136' title='bbox 963 1895 1020 1980; x_wconf 90' lang='grc' dir='ltr'><strong><em>τής</em></strong></span> <span class='ocrx_word' id='word_1_137' title='bbox 1044 1888 1143 1980; x_wconf 90' lang='grc' dir='ltr'><strong><em>ἀπορ-</em></strong></span> 
     </span>
     <span class='ocr_line' id='line_1_19' title="bbox 194 1989 1234 2082; baseline 0.005 -24"><span class='ocrx_word' id='word_1_138' title='bbox 194 1989 327 2080; x_wconf 88' lang='grc' dir='ltr'><strong><em>ρήσεως.</em></strong></span> <span class='ocrx_word' id='word_1_139' title='bbox 373 1989 488 2079; x_wconf 82' lang='grc' dir='ltr'><strong><em>λόγων.</em></strong></span> <span class='ocrx_word' id='word_1_140' title='bbox 509 1993 545 2060; x_wconf 71' lang='grc' dir='ltr'><strong><em>δὲ</em></strong></span> <span class='ocrx_word' id='word_1_141' title='bbox 572 1995 702 2062; x_wconf 88' lang='grc' dir='ltr'><strong><em>πολλῶν</em></strong></span> <span class='ocrx_word' id='word_1_142' title='bbox 729 1995 916 2081; x_wconf 87' lang='grc' dir='ltr'><strong><em>γενομένων</em></strong></span> <span class='ocrx_word' id='word_1_143' title='bbox 943 1995 997 2062; x_wconf 85' lang='grc' dir='ltr'><strong><em>καλ</em></strong></span> <span class='ocrx_word' id='word_1_144' title='bbox 1023 1999 1142 2082; x_wconf 83' lang='grc' dir='ltr'><strong><em>ἔχθρας</em></strong></span> <span class='ocrx_word' id='word_1_145' title='bbox 1233 2077 1234 2082; x_wconf 12' lang='lat'>¹</span> 
     </span>
     <span class='ocr_line' id='line_1_20' title="bbox 194 2086 1141 2182; baseline 0.002 -22"><span class='ocrx_word' id='word_1_146' title='bbox 194 2094 314 2178; x_wconf 86' lang='grc' dir='ltr'><strong><em>πολλής</em></strong></span> <span class='ocrx_word' id='word_1_147' title='bbox 347 2095 457 2173; x_wconf 79' lang='grc' dir='ltr'><strong><em>ἔδοξεν</em></strong></span> <span class='ocrx_word' id='word_1_148' title='bbox 485 2086 565 2179; x_wconf 85' lang='grc' dir='ltr'><strong><em>ήμῖν</em></strong></span> <span class='ocrx_word' id='word_1_149' title='bbox 588 2095 720 2180; x_wconf 89' lang='grc' dir='ltr'><strong><em>χρήναι,</em></strong></span> <span class='ocrx_word' id='word_1_150' title='bbox 750 2091 871 2181; x_wconf 79' lang='grc' dir='ltr'><strong><em>ἵναμή</em></strong></span> <span class='ocrx_word' id='word_1_151' title='bbox 893 2119 972 2164; x_wconf 88' lang='grc' dir='ltr'><strong><em>ποτε</em></strong></span> <span class='ocrx_word' id='word_1_152' title='bbox 996 2103 1071 2182; x_wconf 82' lang='grc' dir='ltr'><strong><em>εῖπη</em></strong></span> <span class='ocrx_word' id='word_1_153' title='bbox 1095 2121 1141 2172; x_wconf 85' lang='grc' dir='ltr'><strong><em>τις</em></strong></span> 
     </span>
     <span class='ocr_line' id='line_1_21' title="bbox 193 2188 1234 2282; baseline 0.003 -23"><span class='ocrx_word' id='word_1_154' title='bbox 193 2192 248 2279; x_wconf 75' lang='grc' dir='ltr'><strong><em>ἐμὲ</em></strong></span> <span class='ocrx_word' id='word_1_155' title='bbox 270 2200 524 2280; x_wconf 87' lang='grc' dir='ltr'><strong><em>φιλοχρηματεῖν</em></strong></span> <span class='ocrx_word' id='word_1_156' title='bbox 548 2193 602 2260; x_wconf 86' lang='grc' dir='ltr'><strong><em>καὶ</em></strong></span> <span class='ocrx_word' id='word_1_157' title='bbox 627 2190 766 2280; x_wconf 79' lang='grc' dir='ltr'><strong><em>έχθροδς</em></strong></span> <span class='ocrx_word' id='word_1_158' title='bbox 788 2188 952 2281; x_wconf 75' lang='grc' dir='ltr'><strong><em>ἀδελφεός</em></strong></span> <span class='ocrx_word' id='word_1_159' title='bbox 970 2191 1065 2274; x_wconf 79' lang='grc' dir='ltr'><strong><em>ὄντας</em></strong></span> <span class='ocrx_word' id='word_1_160' title='bbox 1084 2190 1143 2262; x_wconf 82' lang='grc' dir='ltr'><strong><em>αό-</em></strong></span> <span class='ocrx_word' id='word_1_161' title='bbox 1233 2263 1234 2282; x_wconf 42' lang='grc'><strong><em>,</em></strong></span> 
     </span>
     <span class='ocr_line' id='line_1_22' title="bbox 191 2289 1234 2386; baseline 0.004 -27"><span class='ocrx_word' id='word_1_162' title='bbox 191 2289 268 2370; x_wconf 77' lang='grc' dir='ltr'><strong><em>τούς</em></strong></span> <span class='ocrx_word' id='word_1_163' title='bbox 292 2289 504 2379; x_wconf 77' lang='grc' dir='ltr'><strong><em>καθιστάναι,</em></strong></span> <span class='ocrx_word' id='word_1_164' title='bbox 529 2293 698 2381; x_wconf 76' lang='grc' dir='ltr'><strong><em>ἐπιτρέψαι</em></strong></span> <span class='ocrx_word' id='word_1_165' title='bbox 720 2296 767 2384; x_wconf 76' lang='grc' dir='ltr'><strong><em>τῷ</em></strong></span> <span class='ocrx_word' id='word_1_166' title='bbox 788 2321 824 2362; x_wconf 91' lang='grc' dir='ltr'><strong><em>τε</em></strong></span> <span class='ocrx_word' id='word_1_167' title='bbox 848 2297 990 2382; x_wconf 77' lang='grc' dir='ltr'><strong><em>κηδεστῇ</em></strong></span> <span class='ocrx_word' id='word_1_168' title='bbox 1005 2297 1053 2386; x_wconf 76' lang='grc' dir='ltr'><strong><em>τῷ</em></strong></span> <span class='ocrx_word' id='word_1_169' title='bbox 1069 2293 1142 2362; x_wconf 81' lang='grc' dir='ltr'><strong><em>τού-</em></strong></span> <span class='ocrx_word' id='word_1_170' title='bbox 1233 2317 1234 2330; x_wconf 70' lang='grc'>’</span> 
     </span>
     <span class='ocr_line' id='line_1_23' title="bbox 139 2388 1234 2481; baseline 0.004 -22"><span class='ocrx_word' id='word_1_171' title='bbox 139 2399 176 2450; x_wconf 80' lang='lat'><strong><em>30</em></strong></span> <span class='ocrx_word' id='word_1_172' title='bbox 192 2419 250 2459; x_wconf 90' lang='grc' dir='ltr'><strong><em>τον</em></strong></span> <span class='ocrx_word' id='word_1_173' title='bbox 268 2393 323 2460; x_wconf 86' lang='grc' dir='ltr'><strong><em>καὶ</em></strong></span> <span class='ocrx_word' id='word_1_174' title='bbox 340 2407 407 2470; x_wconf 89' lang='grc' dir='ltr'><strong><em>τοῖς</em></strong></span> <span class='ocrx_word' id='word_1_175' title='bbox 425 2399 532 2479; x_wconf 88' lang='grc' dir='ltr'><strong><em>φίλοις</em></strong></span> <span class='ocrx_word' id='word_1_176' title='bbox 551 2395 721 2479; x_wconf 77' lang='grc' dir='ltr'><strong><em>διαιτῆσαι.</em></strong></span> <span class='ocrx_word' id='word_1_177' title='bbox 758 2396 876 2464; x_wconf 81' lang='grc' dir='ltr'><strong><em>ἐκεῖνοι</em></strong></span> <span class='ocrx_word' id='word_1_178' title='bbox 895 2389 926 2462; x_wconf 88' lang='grc' dir='ltr'><strong><em>δ’</em></strong></span> <span class='ocrx_word' id='word_1_179' title='bbox 947 2395 1040 2464; x_wconf 82' lang='grc' dir='ltr'><strong><em>εἷπον</em></strong></span> <span class='ocrx_word' id='word_1_180' title='bbox 1051 2388 1141 2481; x_wconf 88' lang='grc' dir='ltr'><strong><em>ήμῖν,</em></strong></span> <span class='ocrx_word' id='word_1_181' title='bbox 1233 2419 1234 2478; x_wconf 72' lang='grc' dir='ltr'><strong><em>χ</em></strong></span> 
     </span>
     <span class='ocr_line' id='line_1_24' title="bbox 194 2481 1234 2581; baseline 0.005 -23"><span class='ocrx_word' id='word_1_182' title='bbox 194 2498 223 2559; x_wconf 78' lang='grc' dir='ltr'><strong><em>εἰ</em></strong></span> <span class='ocrx_word' id='word_1_183' title='bbox 239 2492 300 2578; x_wconf 75' lang='grc' dir='ltr'><strong><em>μὲν</em></strong></span> <span class='ocrx_word' id='word_1_184' title='bbox 314 2493 538 2580; x_wconf 79' lang='grc' dir='ltr'><strong><em>ἐπιτρέποιμεν</em></strong></span> <span class='ocrx_word' id='word_1_185' title='bbox 550 2487 660 2572; x_wconf 83' lang='grc' dir='ltr'><strong><em>αὐτοῖς</em></strong></span> <span class='ocrx_word' id='word_1_186' title='bbox 674 2489 757 2562; x_wconf 81' lang='grc' dir='ltr'><strong><em>ῶστε</em></strong></span> <span class='ocrx_word' id='word_1_187' title='bbox 774 2489 814 2563; x_wconf 80' lang='grc' dir='ltr'><strong><em>τά</em></strong></span> <span class='ocrx_word' id='word_1_188' title='bbox 828 2499 938 2564; x_wconf 88' lang='grc' dir='ltr'><strong><em>δίκαια</em></strong></span> <span class='ocrx_word' id='word_1_189' title='bbox 951 2497 1141 2581; x_wconf 85' lang='grc' dir='ltr'><strong><em>διαγνῶναι,</em></strong></span> <span class='ocrx_word' id='word_1_190' title='bbox 1233 2481 1234 2548; x_wconf 61' lang='grc' dir='ltr'>Ῑ</span> 
     </span>
     <span class='ocr_line' id='line_1_25' title="bbox 191 2586 1142 2684; baseline 0.003 -25"><span class='ocrx_word' id='word_1_191' title='bbox 191 2587 254 2659; x_wconf 76' lang='grc' dir='ltr'><strong><em>οὐκ</em></strong></span> <span class='ocrx_word' id='word_1_192' title='bbox 270 2586 313 2660; x_wconf 81' lang='grc' dir='ltr'><strong><em>ἀν</em></strong></span> <span class='ocrx_word' id='word_1_193' title='bbox 331 2597 458 2678; x_wconf 80' lang='grc' dir='ltr'><strong><em>ἔφασαν</em></strong></span> <span class='ocrx_word' id='word_1_194' title='bbox 482 2594 658 2678; x_wconf 78' lang='grc' dir='ltr'><strong><em>διαιτῆσαι·</em></strong></span> <span class='ocrx_word' id='word_1_195' title='bbox 682 2588 782 2662; x_wconf 75' lang='grc' dir='ltr'><strong><em>οὐδὲν</em></strong></span> <span class='ocrx_word' id='word_1_196' title='bbox 804 2592 866 2684; x_wconf 79' lang='grc' dir='ltr'><strong><em>γάρ</em></strong></span> <span class='ocrx_word' id='word_1_197' title='bbox 890 2600 1022 2664; x_wconf 84' lang='grc' dir='ltr'><strong><em>δεῖσθαι</em></strong></span> <span class='ocrx_word' id='word_1_198' title='bbox 1041 2590 1142 2682; x_wconf 82' lang='grc' dir='ltr'><strong><em>ἀπέχ-</em></strong></span> 
     </span>
     <span class='ocr_line' id='line_1_26' title="bbox 191 2687 1142 2783; baseline 0.003 -23"><span class='ocrx_word' id='word_1_199' title='bbox 191 2701 316 2762; x_wconf 82' lang='grc' dir='ltr'><strong><em>θεσθαι</em></strong></span> <span class='ocrx_word' id='word_1_200' title='bbox 332 2687 516 2782; x_wconf 74' lang='grc' dir='ltr'><strong><em>οὐδετέροις</em></strong></span> <span class='ocrx_word' id='word_1_201' title='bbox 532 2687 642 2781; x_wconf 86' lang='grc' dir='ltr'><strong><em>ήμῶν·</em></strong></span> <span class='ocrx_word' id='word_1_202' title='bbox 669 2699 699 2762; x_wconf 78' lang='grc' dir='ltr'><strong><em>εἰ</em></strong></span> <span class='ocrx_word' id='word_1_203' title='bbox 716 2689 747 2762; x_wconf 91' lang='grc' dir='ltr'><strong><em>δ’</em></strong></span> <span class='ocrx_word' id='word_1_204' title='bbox 768 2691 904 2783; x_wconf 80' lang='grc' dir='ltr'><strong><em>ἐάσομεν</em></strong></span> <span class='ocrx_word' id='word_1_205' title='bbox 922 2690 1042 2774; x_wconf 80' lang='grc' dir='ltr'><strong><em>αότοός</em></strong></span> <span class='ocrx_word' id='word_1_206' title='bbox 1059 2698 1142 2781; x_wconf 84' lang='grc' dir='ltr'><strong><em>γνῶ·</em></strong></span> 
     </span>
     <span class='ocr_line' id='line_1_27' title="bbox 128 2788 1140 2882; baseline 0.002 -22"><span class='ocrx_word' id='word_1_207' title='bbox 128 2849 129 2853; x_wconf 65' lang='lat'>,</span> <span class='ocrx_word' id='word_1_208' title='bbox 191 2820 247 2860; x_wconf 93' lang='grc' dir='ltr'><strong><em>ναι</em></strong></span> <span class='ocrx_word' id='word_1_209' title='bbox 268 2788 308 2861; x_wconf 85' lang='grc' dir='ltr'><strong><em>τά</em></strong></span> <span class='ocrx_word' id='word_1_210' title='bbox 330 2793 539 2881; x_wconf 84' lang='grc' dir='ltr'><strong><em>συμφέροντα</em></strong></span> <span class='ocrx_word' id='word_1_211' title='bbox 562 2795 679 2880; x_wconf 80' lang='grc' dir='ltr'><strong><em>πᾶσιν,</em></strong></span> <span class='ocrx_word' id='word_1_212' title='bbox 704 2799 832 2881; x_wconf 74' lang='grc' dir='ltr'><strong><em>ἔφασαν</em></strong></span> <span class='ocrx_word' id='word_1_213' title='bbox 856 2793 1043 2882; x_wconf 86' lang='grc' dir='ltr'><strong><em>διαιτήσειν.</em></strong></span> <span class='ocrx_word' id='word_1_214' title='bbox 1088 2797 1140 2862; x_wconf 77' lang='grc' dir='ltr'><strong><em>καὶ</em></strong></span> 
     </span>
     <span class='ocr_line' id='line_1_28' title="bbox 191 2886 1166 2986; baseline 0.006 -27"><span class='ocrx_word' id='word_1_215' title='bbox 191 2886 301 2979; x_wconf 88' lang='grc' dir='ltr'><strong><em>ήμεῖς,</em></strong></span> <span class='ocrx_word' id='word_1_216' title='bbox 316 2897 381 2960; x_wconf 80' lang='grc' dir='ltr'><strong><em>’ἵνα</em></strong></span> <span class='ocrx_word' id='word_1_217' title='bbox 406 2889 447 2979; x_wconf 89' lang='grc' dir='ltr'><strong><em>δή</em></strong></span> <span class='ocrx_word' id='word_1_218' title='bbox 470 2891 668 2986; x_wconf 83' lang='grc' dir='ltr'><strong><em>πραγμάτων</em></strong></span> <span class='ocrx_word' id='word_1_219' title='bbox 690 2889 947 2984; x_wconf 71' lang='grc' dir='ltr'><strong><em>ἀπαλλαγῶμεν,</em></strong></span> <span class='ocrx_word' id='word_1_220' title='bbox 973 2890 1016 2974; x_wconf 80' lang='grc' dir='ltr'><strong><em>ῶς</em></strong></span> <span class='ocrx_word' id='word_1_221' title='bbox 1038 2921 1077 2981; x_wconf 88' lang='grc' dir='ltr'><strong><em>γε</em></strong></span> <span class='ocrx_word' id='word_1_222' title='bbox 1102 2893 1142 2980; x_wconf 83' lang='grc' dir='ltr'><strong><em>δή</em></strong></span> <span class='ocrx_word' id='word_1_223' title='bbox 1163 2931 1166 2938; x_wconf 91' lang='grc'>·</span> 
     </span>
     <span class='ocr_line' id='line_1_29' title="bbox 138 2987 1142 3112; baseline 0.004 -54"><span class='ocrx_word' id='word_1_224' title='bbox 138 2987 348 3112; x_wconf 73' lang='grc' dir='ltr'><strong><em>31ῶόμεθα,</em></strong></span> <span class='ocrx_word' id='word_1_225' title='bbox 367 2988 470 3072; x_wconf 81' lang='grc' dir='ltr'><strong><em>οὕτως</em></strong></span> <span class='ocrx_word' id='word_1_226' title='bbox 490 2995 710 3082; x_wconf 80' lang='grc' dir='ltr'><strong><em>ἐπιτρέπομεν.</em></strong></span> <span class='ocrx_word' id='word_1_227' title='bbox 751 2996 806 3063; x_wconf 83' lang='grc' dir='ltr'><strong><em>καὶ</em></strong></span> <span class='ocrx_word' id='word_1_228' title='bbox 831 2998 948 3065; x_wconf 83' lang='grc' dir='ltr'><strong><em>ἐκεῖνοι</em></strong></span> <span class='ocrx_word' id='word_1_229' title='bbox 965 2991 1142 3083; x_wconf 89' lang='grc' dir='ltr'><strong><em>ὀμόσαντες</em></strong></span> 
     </span>
     <span class='ocr_line' id='line_1_30' title="bbox 156 3085 1143 3212; baseline 0.001 -51.038"><span class='ocrx_word' id='word_1_230' title='bbox 156 3085 271 3212; x_wconf 82' lang='grc' dir='ltr'><strong><em>ήμῖν</em></strong></span> <span class='ocrx_word' id='word_1_231' title='bbox 289 3088 369 3180; x_wconf 81' lang='grc' dir='ltr'><strong><em>πρὸς</em></strong></span> <span class='ocrx_word' id='word_1_232' title='bbox 383 3121 431 3182; x_wconf 81' lang='grc' dir='ltr'><strong><em>τῳ</em></strong></span> <span class='ocrx_word' id='word_1_233' title='bbox 420 3095 544 3184; x_wconf 83' lang='grc' dir='ltr'><strong><em>βωμῶ</em></strong></span> <span class='ocrx_word' id='word_1_234' title='bbox 560 3095 604 3184; x_wconf 74' lang='grc' dir='ltr'><strong><em>τῷ</em></strong></span> <span class='ocrx_word' id='word_1_235' title='bbox 621 3095 678 3179; x_wconf 87' lang='grc' dir='ltr'><strong><em>τής</em></strong></span> <span class='ocrx_word' id='word_1_236' title='bbox 693 3089 943 3182; x_wconf 83' lang='grc' dir='ltr'><strong><em>Ἀφροδίτης</em></strong></span> <span class='ocrx_word' id='word_1_237' title='bbox 902 3123 959 3183; x_wconf 89' lang='grc' dir='ltr'><strong><em>της</em></strong></span> <span class='ocrx_word' id='word_1_238' title='bbox 970 3098 1143 3182; x_wconf 76' lang='grc' dir='ltr'><strong><em>Κεφαλῆσι</em></strong></span> 
     </span>
     <span class='ocr_line' id='line_1_31' title="bbox 192 3188 1141 3312; baseline 0.002 -52"><span class='ocrx_word' id='word_1_239' title='bbox 192 3188 232 3268; x_wconf 85' lang='grc' dir='ltr'><strong><em>τά</em></strong></span> <span class='ocrx_word' id='word_1_240' title='bbox 253 3195 463 3312; x_wconf 80' lang='grc' dir='ltr'><strong><em>συμφέροντα</em></strong></span> <span class='ocrx_word' id='word_1_241' title='bbox 484 3190 689 3280; x_wconf 87' lang='grc' dir='ltr'><strong><em>γνῶσεσθαι,</em></strong></span> <span class='ocrx_word' id='word_1_242' title='bbox 716 3190 914 3282; x_wconf 87' lang='grc' dir='ltr'><strong><em>διήτησαν</em></strong></span> <span class='ocrx_word' id='word_1_243' title='bbox 895 3199 979 3284; x_wconf 84' lang='grc' dir='ltr'><strong><em>ημάς</em></strong></span> <span class='ocrx_word' id='word_1_244' title='bbox 1001 3191 1141 3280; x_wconf 87' lang='grc' dir='ltr'><strong><em>ἀποστή-</em></strong></span> 
     </span>
     <span class='ocr_line' id='line_1_32' title="bbox 191 3280 1142 3384; baseline 0.001 -23.025"><span class='ocrx_word' id='word_1_245' title='bbox 191 3319 246 3362; x_wconf 92' lang='grc' dir='ltr'><strong><em>ναι</em></strong></span> <span class='ocrx_word' id='word_1_246' title='bbox 270 3280 317 3360; x_wconf 87' lang='grc' dir='ltr'><strong><em>ῶν</em></strong></span> <span class='ocrx_word' id='word_1_247' title='bbox 345 3297 439 3373; x_wconf 85' lang='grc' dir='ltr'><strong><em>ουτος</em></strong></span> <span class='ocrx_word' id='word_1_248' title='bbox 461 3289 688 3381; x_wconf 83' lang='grc' dir='ltr'><strong><em>ήμφισβήτησε</em></strong></span> <span class='ocrx_word' id='word_1_249' title='bbox 711 3297 766 3364; x_wconf 79' lang='grc' dir='ltr'><strong><em>καὶ</em></strong></span> <span class='ocrx_word' id='word_1_250' title='bbox 791 3298 908 3365; x_wconf 81' lang='grc' dir='ltr'><strong><em>δοῶναι</em></strong></span> <span class='ocrx_word' id='word_1_251' title='bbox 932 3293 1077 3384; x_wconf 85' lang='grc' dir='ltr'><strong><em>δωρεάν</em></strong></span> <span class='ocrx_word' id='word_1_252' title='bbox 1101 3290 1142 3363; x_wconf 88' lang='lat'><strong><em>06</em></strong></span> 
     </span>
     <span class='ocr_line' id='line_1_33' title="bbox 191 3387 1142 3485; baseline 0.002 -23"><span class='ocrx_word' id='word_1_253' title='bbox 191 3389 254 3480; x_wconf 86' lang='grc' dir='ltr'><strong><em>γάρ</em></strong></span> <span class='ocrx_word' id='word_1_254' title='bbox 272 3399 399 3480; x_wconf 84' lang='grc' dir='ltr'><strong><em>ε”φασαν</em></strong></span> <span class='ocrx_word' id='word_1_255' title='bbox 417 3392 501 3462; x_wconf 82' lang='grc' dir='ltr'><strong><em>εἶναι</em></strong></span> <span class='ocrx_word' id='word_1_256' title='bbox 518 3387 574 3462; x_wconf 76' lang='grc' dir='ltr'><strong><em>ἀλλ</em></strong></span> <span class='ocrx_word' id='word_1_257' title='bbox 571 3421 621 3477; x_wconf 91' lang='grc' dir='ltr'><strong><em>ην</em></strong></span> <span class='ocrx_word' id='word_1_258' title='bbox 644 3389 835 3481; x_wconf 82' lang='grc' dir='ltr'><strong><em>ἀπαλλαγήν</em></strong></span> <span class='ocrx_word' id='word_1_259' title='bbox 851 3391 1066 3485; x_wconf 81' lang='grc' dir='ltr'><strong><em>οὐδεμίαν,ε</em></strong></span> <span class='ocrx_word' id='word_1_260' title='bbox 1051 3401 1082 3464; x_wconf 83' lang='grc' dir='ltr'><strong><em>εἰ</em></strong></span> <span class='ocrx_word' id='word_1_261' title='bbox 1097 3393 1142 3484; x_wconf 88' lang='grc' dir='ltr'><strong><em>μή</em></strong></span> 
     </span>
    </p>
   </div>
   <div class='ocr_carea' id='block_1_3' title="bbox 0 0 1257 3930">
    <p class='ocr_par' dir='ltr' id='par_1_3' title="bbox 0 0 1257 3930">
     <span class='ocr_line' id='line_1_34' title="bbox 0 0 1257 3930; baseline 0 0"><span class='ocrx_word' id='word_1_262' title='bbox 0 0 1257 3930; x_wconf 95' lang='lat' dir='ltr'><strong><em> </em></strong></span> 
     </span>
    </p>
   </div>
  </div>
 </body>
</html>
