2490 3914
202 201 265 264 114
567 159 569 166 ’
615 155 744 248 umor
1061 189 1112 240 OB.
1132 187 1162 238 ε.

202 362 481 454 κατοικοδομησας
499 365 554 432 καί
574 359 811 450 ἐπιβουλεύσας
828 357 988 449 ἠτίμωσε,
1006 361 1062 428 καὶ
1080 388 1163 450 γρα-

153 549 154 554 ῒ
202 464 273 556 φύν
289 463 419 556 ὕβρεως
441 466 581 554 γραφεὶς
605 460 738 532 ούδέιιω
761 460 943 532 τούτυνί
906 465 1004 549 δίκην
1022 463 1161 549 δέδοικε,
1211 535 1214 545 ,

200 571 259 656 τῆς
278 567 315 636 δὲ
332 593 391 654 μετ
395 562 495 633 ’ίέκε
480 572 556 652 ίνην
573 566 752 652 γενομένης
769 559 827 632 τόν
844 557 988 652 ἀνδρα’
968 575 1105 631 αποκτεϊ
1104 589 1163 630 ναι

158 665 361 752 κελεύσας
384 669 516 753 οἰκέτην
542 667 670 734 ἐκεῖνον
692 664 755 752 μὲν
772 664 948 751 ἐξέπεμψε
972 657 1090 748 τὴνδ’
1111 669 1163 731 αἰ-

148 782 184 830 42
201 776 276 838 τίαν
300 775 347 848 εἰς
368 764 430 854 τὴν
452 761 602 852 ἀδελφὴν
631 771 762 854 ἔτρεψε,
790 760 995 850 καταπλήξας
1024 763 1062 830 δέ
1090 779 1164 842 ταῖς
1222 799 1223 806 ¹

203 864 307 939 αύτου
297 871 519 957 βδελυρίαις
537 864 789 987 προσαφῄρητριι
805 861 865 934 τόν
880 856 956 932 υίδν
973 857 1079 931 αύτου
1100 861 1164 950 τὴν

202 966 282 1039 ούσί
281 997 323 1038 αν
341 963 592 1057 ἐπιτροπεύσας,
613 967 669 1035 καί
686 968 813 1054 κατέχει
824 961 885 1033 τόν
901 959 1020 1053 ἀγρόν,
1038 966 1164 1051 φελλέα

204 1071 241 1138 δὲ
260 1059 375 1161 ἐκείνςο
399 1070 531 1136 δέδωκε,
573 1069 629 1136 καί
651 1069 757 1136 ταύια
779 1063 828 1134 ότι
851 1061 963 1152 ἀληθῆ
979 1069 1079 1152 λέγω,
1110 1067 1164 1132 δε·

204 1174 294 1239 δίασι
311 1170 373 1258 μὲν
391 1164 510 1256 αύτόν,
530 1177 608 1246 ίσως
628 1163 660 1236 δ’
679 1163 721 1237 ἀν
733 1195 788 1256 μοι
800 1167 856 1234 καὶ
867 1165 1074 1256 μαρτυρῆσαι
1088 1167 1164 1234 ἐθε-

202 1267 354 1357 λήσειαν·
374 1275 406 1338 εἰ
422 1269 459 1337 δέ
476 1266 533 1356 μή,
551 1265 628 1348 τούς
647 1265 777 1347 εἰδότας
788 1263 1162 1362 παρέξομαιιμάρτνρας.

202 1379 272 1440 Καί
284 1399 342 1458 μοι
355 1367 450 1438 ’κάλει
470 1371 570 1457 δεύρο
588 1364 709 1448 αύτούς
726 1369 866 1459 πρῶτον.

576 1581 785 1632 ΜΔΡΤΤΡΕΣ.

151 1789 186 1842 43
280 1768 377 1840 Οὕτω
393 1778 510 1841 τοίνυν
526 1766 667 1858 ἀσελγὴς
685 1765 733 1839 ἀν
745 1773 800 1840 καί
818 1778 925 1858 βίαιος
943 1772 998 1838 καί
1016 1767 1078 1858 τὴν
1095 1775 1163 1840 τῶν

203 1867 361 1960 ἀδελφεόν
377 1868 496 1942 ούσίαν
512 1866 741 1961 ἀπεσιερηκάς
759 1867 821 1940 ούκ
837 1868 951 1962 ἀγαπᾷ
965 1867 1006 1939 τά
1024 1874 1162 1940 ἐκείνων

204 1977 305 2060 έχων,
323 1969 397 2041 ἀλλ’
417 1968 468 2041 ότι
486 1978 583 2060 δίκην
600 1969 763 2060 οὐδεμίαν
781 1968 893 2041 αύτοόν
912 1973 1070 2059 δέδωκεν,
1088 1968 1161 2059 ἥκει
1225 2033 1226 2066 3

202 2074 259 2141 καί
275 2069 316 2141 τά
332 2075 394 2143 τού
409 2071 546 2162 πάππου
564 2071 713 2162 χρήματα
731 2067 815 2160 ἡμᾶς
832 2069 1086 2161 ἀποστερήσων,
1107 2075 1161 2141 καί
1225 2081 1226 2086 ’

202 2169 309 2264 τούτῳ
329 2171 390 2242 δύο
407 2175 490 2260 μνάς
508 2168 567 2262 (ὥς
591 2169 771 2260 ἀκούομεν)
794 2175 798 2260 Ι
822 2171 924 2260 μόνας
948 2170 1104 2252 δεδωκώς
1122 2168 1161 2241 ού

202 2269 307 2361 μόνον
330 2275 405 2362 περὶ
428 2270 604 2362 χρημάτων
626 2267 712 2360 ημάς
735 2269 818 2342 ἀλλά
841 2274 897 2342 καὶ
919 2274 996 2363 περὶ
1018 2276 1076 2360 τῆς
1100 2299 1161 2342 πα-

202 2378 315 2463 τρίδος
340 2379 387 2452 εἰς
404 2371 583 2453 κινδύνους
605 2380 810 2462 καθίστησιν.
848 2370 906 2443 έάυ
922 2371 986 2464 γάρ
1004 2375 1161 2461 ἐξαπατη-

202 2475 286 2560 θητε
302 2467 398 2561 ὑμεῖς
415 2475 607 2553 πεισθέντες
625 2469 668 2554 ιός
685 2502 707 2560 η
724 2473 830 2565 μήτηρ
853 2468 947 2562 ημιὸν
964 2470 1027 2543 ούκ
1043 2464 1087 2561 ἦν
1105 2501 1161 2543 πο-

203 2583 302 2661 λίτις,
320 2569 434 2642 066⁹
415 2591 509 2661 ημεῐς
522 2577 635 2662 έ·σμεν
652 2602 712 2662 μετ
715 2570 982 2662 Ευκλείδην
942 2601 1006 2661 γαρ
1018 2601 1163 2663 αρχοντα

201 2672 395 2762 γεγόναμεν.
431 2665 495 2764 ἀρα
511 2677 587 2764 περί
608 2678 736 2765 μικρόν
752 2677 855 2744 τινοῖν
871 2669 952 2796 ημῖν
969 2671 1028 2744 τόν
1046 2670 1162 2762 ἀηοῖνα

151 2785 185 2836 44
203 2772 440 2859 κατεσκεύακε;
471 2777 527 2843 καὶ
556 2778 674 2858 ζοόντος
696 2777 757 2864 μὲν
779 2778 840 2844 τού
861 2773 998 2844 πάππου
1022 2777 1078 2843 καί
1101 2777 1163 2844 τοῦ

175 2945 178 2951 Δ
202 2871 323 2963 πατρὸς
341 2870 503 2964 ούδεμίαν
521 2882 630 2944 αἰτίαν
648 2886 796 2965 εἰχομεν,
816 2871 891 2944 ἀλλ’
910 2871 1161 2965 ἀναμφισβήτη-

201 3001 252 3045 τοι
267 2970 326 3043 τόν
342 2969 472 3045 ἀπαντα
489 2973 609 3065 χρόνον
627 2978 870 3098 διετελέσαμεν
890 2971 1004 3062 ἐπειδὴ
1023 2973 1057 3045 δ’
1078 2979 1161 3044 ἐκεί-

201 3104 254 3144 νοι
270 3073 535 3163 τετελευτηκασι,
554 3071 617 3144 κάν
633 3077 698 3145 νύν
714 3074 917 3197 νικήσρμεν,
942 3072 1072 3156 ὄνειδος
1092 3078 1161 3159 έξο-

201 3202 278 3264 μευ,
298 3173 381 3244 διότι
392 3171 706 3265 ημφισβητηθημεν,
727 3174 831 3245 διά
797 3204 856 3246 τον
869 3173 1024 3266 Ὀρέστην
1040 3181 1162 3245 τούτου

200 3273 259 3345 τόν
276 3303 384 3356 κακως
401 3273 687 3397 ἀπολούμενοη,
668 3271 703 3356 ὃς
720 3273 831 3366 μοιχός
853 3278 995 3366 ληφθεὶς
1018 3279 1075 3346 καὶ
1098 3303 1162 3345 πα

200 3373 275 3446 θοόν
297 3404 363 3444 οτι
386 3374 543 3466 προσήκει
565 3373 643 3455 τούς
659 3374 699 3444 τά
721 3380 857 3447 τοιαύτα
879 3379 1055 3456 ποιοῦντας
1078 3373 1160 3446 οὐδ’

201 3465 245 3557 ιός
266 3472 504 3546 ἀπαλλάττεται
526 3479 588 3545 τού
607 3475 811 3568 πράηματος,
842 3505 886 3558 ως
909 3483 941 3547 οἰ
967 3475 1163 3557 συνειδότες
